2897 4742
736 331 883 383 mn.
929 334 983 383 ι.
1027 334 1196 385 cn.
1235 318 1306 385 3.
1353 334 1919 387 nisromsnun.

219 472 428 528 horris-i
463 473 685 524 nominis
719 475 798 524 vir
839 475 914 525 ita
955 476 1023 527 de
1057 476 1120 525 iis
1163 475 1295 540 egit,

217 556 273 599 ut
295 563 394 612 per
413 564 533 597 eum
557 550 726 599 Livius
751 564 852 599 non
890 550 960 599 sit
991 551 1044 601 in
1079 550 1292 601 histori-

216 626 308 687 cis,
331 639 505 688 neque
529 625 666 673 inter
689 626 950 677 annalium
987 627 1292 691 scriptores,

215 699 568 765 Tacitumque
615 700 748 751 dicit
802 700 1080 767 ἐφημερίδας
1127 703 1293 767 scrip-

219 776 386 825 sisse:
447 777 586 826 adsit
634 777 734 827 sibi
787 778 963 829 Livius
1011 792 1170 829 xuu.
1214 783 1294 829 13.

221 854 237 883 ‘
261 870 378 919 quae
399 854 452 902 iu
471 869 614 903 meos
634 856 844 905 annales
867 855 1123 907 referam.’
1159 857 1295 907 Nos-

223 938 305 981 ter
329 937 528 995 praeter
565 930 678 981 haec
701 931 840 981 Anu.
863 946 942 984 w.
974 935 989 960 ⁴
1015 934 1120 983 Sed
1145 948 1296 983 nemo

222 1006 438 1056 annales
471 1013 680 1057 nostros
700 1022 816 1057 cum
837 1008 1097 1072 scriptura
1117 1023 1296 1059 eorum

222 1082 596 1133 contenderit!
676 1084 876 1147 Aperte
916 1085 1147 1134 ostendit
1185 1084 1296 1147 ἔφη·

224 1156 412 1221 μερίδας
433 1158 544 1207 sive
569 1157 732 1207 diaria
749 1159 856 1209 suis
872 1158 1139 1209 annalibus
1161 1158 1296 1208 haud

226 1235 507 1284 convenire
545 1232 684 1283 Anu.
723 1247 849 1284 xus.
888 1238 974 1283 81.
1039 1236 1300 1285 Caeterum

227 1310 482 1373 imposuit
503 1311 836 1374 eloquentiss.
868 1312 978 1360 viro
1008 1312 1188 1361 titulus
1215 1308 1306 1360 co:

227 1386 363 1437 dicis
385 1386 578 1436 Veneti
594 1386 830 1435 actionum
853 1387 1162 1438 diurnalium.
1197 1387 1303 1437 Ve-

230 1478 340 1511 rum
367 1462 453 1511 cui
495 1462 831 1525 credendum,
863 1464 1042 1513 'Facito
1075 1479 1140 1513 un
1179 1464 1302 1513 scri·

229 1538 350 1589 bae?
381 1537 476 1587 sed
499 1554 722 1603 quonam
749 1539 804 1588 in
838 1540 954 1589 loco
977 1539 1196 1589 Tacitus
1218 1539 1304 1603 (ut

231 1616 274 1664 is
299 1610 400 1677 ait)
422 1628 540 1662 suas
577 1612 854 1677 ἐφημερίδας
887 1614 1158 1665 contendit
1182 1629 1302 1663 cum

231 1688 522 1751 annalibus,
543 1703 733 1755 easque
757 1705 865 1755 prae
901 1690 1001 1739 illis
1024 1690 1184 1740 habet
1206 1705 1302 1755 pro

233 1765 536 1828 despectis?
570 1780 674 1815 non
694 1772 840 1815 certe
860 1766 964 1826 hic,
984 1768 1082 1816 arc.
1125 1764 1304 1815 Scien-

233 1841 358 1891 dum
393 1849 476 1891 est
513 1845 693 1905 etiam,
731 1842 1078 1906 dialogistam,
1096 1842 1164 1892 de
1202 1858 1304 1907 quo

233 1916 382 1967 nobis
405 1916 566 1965 verba
589 1924 730 1981 sunl,
767 1918 1058 1982 disparasse
1087 1919 1305 1982 scripto-

235 2010 338 2055 res,
391 1995 480 2059 qui
529 1996 756 2059 plurium
811 1996 1076 2047 nationum
1127 1999 1306 2061 plures

235 2070 466 2119 actiones
505 2070 762 2133 scribunt,
793 2071 858 2121 ab
891 2072 971 2138 iis,
994 2073 1178 2136 quibus
1203 2090 1308 2125 uua

237 2144 387 2194 unius
405 2144 574 2208 gentis
596 2146 923 2197 contexitur:
960 2150 1306 2212 posteriorum

237 2220 628 2273 lucubrationes
649 2221 976 2275 historiarum
1001 2224 1148 2285 dicit,
1173 2227 1308 2289 prio-

241 2312 376 2359 rum,
395 2312 687 2359 sermones3
723 2300 948 2363 exempli
985 2302 1173 2364 gratia,
1199 2300 1308 2351 He-

243 2373 457 2423 rodotus
502 2375 552 2423 ei
597 2388 912 2438 sermonum,
971 2377 1308 2440 Thucydides

240 2449 469 2499 historiae
503 2451 732 2514 scriptor
773 2460 868 2503 est.
933 2454 1022 2504 De
1059 2454 1156 2504 hoc
1191 2465 1308 2503 cum

244 2538 305 2575 eo
329 2526 455 2576 mihi
490 2527 754 2586 convenit,
777 2535 832 2578 at
869 2543 974 2578 non
1010 2529 1168 2580 facile
1179 2544 1310 2592 „con-

243 2603 488 2652 cesserim
523 2602 760 2653 historias
797 2603 1056 2654 Herodoti
1081 2619 1312 2656 semones

245 2678 532 2744 appellari:
605 2694 726 2729 nam
769 2681 816 2730 si
859 2696 924 2731 ex
971 2681 1310 2746 inscriptione

247 2769 356 2804 rem
380 2756 641 2819 metimur,
661 2757 732 2806 nil
753 2757 932 2820 habet,
971 2773 1074 2823 quo
1114 2774 1170 2810 se
1201 2774 1310 2809 mu·

245 2831 375 2880 nint.
407 2829 660 2894 Ἡροδότου
689 2833 1092 2897 Ἁλικαρνασσέως
1113 2833 1312 2898 ἱστορίαι

246 2909 330 2957 vel
365 2906 621 2970 Ἡροδότου
655 2910 741 2957 τοῦ
755 2909 1158 2974 Ἁλικαρνασσέως
1184 2912 1312 2960 ἱστο-

245 2985 353 3046 priv
395 2981 536 3045 λόγοι
591 2982 650 3048 θ’,
697 2983 1058 3050 ἐπιγραφόμενοι
1107 2989 1310 3038 Μοῦσαι.

249 3059 458 3110 Etenim
493 3058 644 3121 λόγος
675 3059 748 3110 ibi
781 3062 852 3110 nil
876 3062 1012 3112 aliud
1036 3062 1315 3127 significat,

248 3151 402 3202 quam
417 3135 612 3198 librum,
629 3145 688 3186 ut
703 3137 828 3187 κατὰ
835 3137 919 3188 τὸν
931 3135 1130 3200 ἕβδομον
1145 3137 1316 3201 λόγον,

247 3211 282 3260 i.
328 3212 464 3261 libro
509 3214 748 3276 septimo.
821 3215 938 3264 Nec
985 3215 1034 3264 ei
1081 3215 1316 3278 prodest,

248 3288 386 3355 quod
404 3289 734 3352 Thucydides
756 3305 932 3340 omnes
951 3298 1074 3340 ante
1095 3306 1152 3342 se
1175 3292 1320 3341 dixe·

249 3366 318 3414 rit
340 3361 694 3428 λογογράφους,
727 3380 830 3414 non
865 3366 1166 3431 λογοποιοὺς,
1199 3367 1321 3433 quia

251 3449 532 3506 utrumque
555 3457 738 3491 nomen
776 3449 860 3492 est
889 3443 1148 3492 historicis
1181 3459 1320 3494 com-

251 3531 426 3578 mune,
442 3527 499 3565 et
521 3525 739 3583 utroque
756 3518 1123 3568 discernuntur
1143 3534 1174 3568 a
1199 3519 1320 3582 poe-

253 3594 342 3644 tis.
433 3594 548 3644 Nec
587 3595 676 3643 ille
714 3596 1022 3644 alioversum
1073 3608 1138 3644 es
1168 3596 1322 3659 dixit,

253 3687 408 3737 quum
443 3680 504 3723 ut
545 3674 850 3738 suggillaret
888 3675 1190 3737 scriptores,
1230 3676 1322 3738 qui

251 3746 456 3797 fabulas
477 3749 703 3798 historiis
725 3749 1033 3800 inserebant.
1067 3749 1170 3800 Sed
1194 3751 1320 3816 quid

255 3839 374 3874 usus
419 3826 758 3876 velitatione?
828 3828 948 3876 audi
993 3829 1212 3878 eundem
1252 3827 1320 3878 de

253 3902 358 3952 suis
383 3903 622 3966 scriptis:
656 3901 906 3966 Ἡροδότου
924 3903 1324 3968 ‘mamaeam

258 3979 462 4044 ἱστορίης
491 3980 700 4044 ἀπόδεξις
727 3983 826 4042 ᾖδε.
893 3985 1216 4034 Postremum
1253 3999 1324 4034 ne

256 4057 381 4121 quid
423 4058 757 4122 dissimulem,
779 4067 864 4110 est
897 4059 1018 4110 alibi
1048 4059 1322 4110 Herodoto

259 4133 458 4185 mentio
499 4134 662 4198 λόγον
713 4139 984 4202 Ἀσσυρίαν,
1047 4147 1104 4188 et
1163 4136 1326 4199 λόγων

258 4217 490 4276 marafin.
537 4215 645 4268 Sed
667 4231 730 4268 eo
745 4217 1038 4282 significatu
1057 4231 1160 4283 quo
1182 4219 1326 4282 apud

2254 322 2431 391 4127

1368 476 1581 526 Latinos
1600 477 1811 527 dicitur.
1866 477 1977 528 Liv.
2015 478 2051 529 l.
2082 490 2247 529 xxix.
2277 477 2293 506 ‘
2314 478 2435 529 Clo-

1365 552 1485 603 dius
1526 554 1751 603 Licinius
1792 554 1848 603 in
1884 554 2017 604 libro
2066 554 2223 603 tertio
2262 568 2433 603 rerum

1367 629 1757 679 Romanarum?
1782 628 1923 694 quod
1941 629 2007 679 ab
2034 629 2275 679 Hebroeis
2298 629 2435 679 hand

1366 705 1525 754 dubie
1549 704 1837 768 profectum
1856 711 1954 754 est.
1993 704 2210 754 Hieron.
2235 705 2289 753 in
2305 704 2437 755 Pro·

1367 783 1473 845 log.
1494 783 1685 845 galeat.
1717 783 1732 810 ‘
1758 780 1937 830 Verba
1960 780 2069 829 sive
2103 794 2189 830 res
2215 780 2439 833 dierum.

1369 858 1523 911 Quod
1556 857 1933 921 significantius
1963 856 2239 906 chronicon
2276 856 2437 907 totius

1367 934 1561 983 divinae
1578 934 1803 984 historiae
1840 946 2109 997 possumus
2133 932 2439 995 appellare?

1368 1010 1651 1061 Salina-ius.

1438 1086 1538 1142 Qui
1552 1088 1821 1150 purumne
1832 1083 2035 1145 fortuiti
2056 1083 2193 1146 unt]
2224 1082 2441 1133 Nullum

1369 1164 1473 1227 hic,
1505 1178 1621 1213 meo
1657 1162 1878 1228 judicio,
1914 1162 2063 1211 ulcus
2087 1168 2317 1220 tectum3
2353 1174 2445 1209 ne·

1371 1240 1495 1291 dum
1516 1248 1577 1291 ut
1600 1240 1825 1291 immissa
1852 1238 2131 1301 negatione
2166 1236 2327 1286 scribi
2357 1235 2447 1285 de·
2537 1285 2543 1291 ,

1371 1316 1524 1377 beat;
1550 1314 1677 1364 nihil
1703 1315 1839 1364 enim
1861 1312 2189 1378 longinquius
2212 1327 2245 1361 a
2266 1317 2444 1362 mente

1373 1392 1635 1441 auctoris:
1693 1407 1811 1457 quae
1854 1392 1989 1451 vult,
2031 1402 2099 1439 ex
2141 1386 2347 1437 casibus
2388 1392 2445 1436 et

1374 1476 1569 1519 eventu
1606 1483 1777 1520 rerum
1829 1481 1933 1517 non
1978 1463 2181 1531 adquiri
2221 1462 2448 1528 pruden-

1377 1544 1505 1594 tiam
1543 1545 1779 1605 civilem;
1822 1558 1939 1593 cum
1980 1556 2041 1591 ea
2076 1540 2190 1590 fere
2222 1554 2326 1589 non
2365 1552 2448 1589 rc·

1375 1620 1671 1683 spondeant
1692 1618 1979 1669 rationibus
2000 1617 2107 1667 suis
2130 1632 2193 1665 ac
2216 1615 2409 1665 caussis
2428 1631 2445 1675 ;

1376 1710 1543 1759 eaque
1597 1701 1815 1758 propter
1859 1694 1997 1756 ipsas
2058 1692 2173 1741 illas
2216 1690 2447 1741 curatius

1378 1769 1767 1834 persequendas
1804 1767 2087 1817 historico:
2122 1768 2319 1830 hocque
2348 1772 2451 1829 est,

1379 1846 1517 1910 quod
1556 1844 1745 1894 iterum
1790 1844 2021 1894 iuculcst
2058 1841 2199 1892 Anu.
2244 1854 2324 1891 ιν.
2363 1844 2447 1890 38.

1377 1926 1393 1949 ⁴
1415 1922 1548 1973 Haec
1587 1919 1823 1986 conquiri
1856 1918 2093 1983 tradique
2116 1917 2171 1967 in
2194 1930 2305 1965 rem
2337 1914 2452 1965 fue·

1381 1998 1481 2061 rit,'
1502 2002 1603 2047 &c.
1670 1997 1809 2047 Hinc
1824 1995 2093 2045 excusatio
2110 1994 2189 2043 M.
2214 1991 2453 2041 Terentii

1377 2073 1517 2137 apud
1555 2072 1777 2123 eundem
1822 2070 1959 2121 Anu.
1997 2071 2036 2120 l.
2059 2084 2137 2119 vr.
2173 2069 2189 2097 ‘
2214 2069 2335 2119 Nou
2371 2074 2453 2119 est

1380 2156 1613 2200 nostrum
1642 2148 1921 2211 aestimare,
1944 2161 2097 2217 quem
2122 2159 2280 2209 supra
2296 2151 2457 2196 caete-

1379 2240 1469 2275 ros
1514 2232 1571 2275 et
1614 2224 1803 2289 quihus
1846 2222 1913 2274 de
1956 2221 2153 2272 caussis
2191 2220 2452 2271 extollas?

1383 2301 1516 2353 Inde
1561 2302 1719 2350 etiam
1765 2300 1995 2351 securius
2042 2303 2229 2361 gravat
2270 2297 2455 2348 Sueto·

1383 2377 1524 2426 nium
1562 2377 1734 2428 Julius
1763 2375 2117 2434 Castricianum
2154 2375 2171 2402 ⁴
2194 2373 2339 2436 cujus
2364 2373 2453 2423 ad-

1387 2471 1555 2518 versa,
1578 2454 1830 2519 pravitati
1862 2453 2057 2517 ipsius;
2097 2462 2363 2515 prospers,
2386 2448 2455 2498 ad

1385 2531 1647 2582 fortunam
1686 2529 1821 2594 reip.
1864 2525 2162 2587 referebat:
2198 2532 2257 2574 ut
2288 2523 2453 2589 loqui·

1387 2615 1475 2660 tur
1510 2611 1691 2656 noster
1730 2604 1867 2654 Anu.
1902 2618 2020 2655 xxv,
2045 2605 2127 2653 88.
2194 2599 2452 2666 Egregius

1385 2685 1531 2734 locus
1552 2691 1635 2732 est
1657 2682 1775 2731 Vsl.
1816 2679 2035 2730 Maximi
2067 2693 2151 2728 m.
2180 2683 2229 2728 8.
2264 2681 2280 2705 ⁶
2298 2678 2457 2727 Blan-

1387 2762 1510 2810 dum
1549 2761 1771 2810 animum
1813 2773 1939 2808 sane
1982 2755 2267 2807 temeritati
2306 2769 2457 2805 casus

1385 2837 1537 2897 facit,
1583 2836 1669 2886 ubi
1710 2849 1876 2898 pravo
1932 2833 2147 2882 consilio
2202 2831 2459 2896 propitius

1387 2913 1655 2977 adspirnt5
1696 2916 1753 2960 et
1806 2925 1909 2974 quo
1963 2908 2321 2958 vehementius
2366 2921 2458 2956 no-

1389 2999 1527 3056 ceat,
1570 2989 1879 3054 insperatius
1921 2985 2172 3051 prodest.'
2252 2985 2323 3034 Et
2358 2984 2457 3034 hoc

1389 3074 1681 3134 spectatum
1705 3065 1859 3115 etism
1882 3061 2045 3112 fuisse
2067 3059 2261 3122 Poenis,
2287 3057 2459 3121 prodi·

1392 3154 1501 3197 tum
1522 3144 1691 3194 eidem
1712 3141 1925 3192 Valerio
1946 3153 2010 3188 11.
2035 3143 2085 3188 8.
2124 3137 2319 3186 Verum
2343 3135 2457 3184 haec

1391 3221 1699 3272 reservanda
1746 3225 1899 3266 eraut
1952 3212 2207 3265 Distu-ibis
2249 3210 2461 3274 nostris,

1391 3295 1803 3362 exspatiantibus
1846 3307 2003 3344 cursu
2042 3289 2239 3340 effreno
2268 3286 2335 3336 ad
2367 3287 2463 3338 ills

1393 3372 1623 3424 Cornelii
1644 3372 1787 3422 Hist.
1812 3383 1875 3420 11.
1897 3374 1981 3420 25.
2012 3369 2029 3396 ‘
2053 3369 2342 3418 Cunctator
2370 3378 2463 3415 na-

1395 3459 1513 3502 tura
1546 3448 1845 3512 Suetonius,
1874 3454 1934 3499 et
1969 3446 2054 3496 cui
2099 3449 2255 3494 cauta
2289 3442 2463 3506 potius

1395 3525 1613 3576 consilis
1632 3539 1751 3576 cum
1788 3525 2011 3584 ratione,
2032 3535 2185 3586 quam
2210 3531 2465 3582 prospers.

1395 3617 1463 3652 ex
1484 3601 1645 3653 casu.'
1684 3601 1939 3651 Gruterus.
1976 3598 2095 3646 Hoc
2119 3602 2215 3655 est,
2236 3593 2459 3644 fortunia

1395 3678 1613 3727 arbitrio
1630 3677 1765 3726 bene
1788 3675 1869 3724 vel
1888 3671 2021 3722 male
2043 3669 2345 3734 succedunt.
2380 3667 2465 3716 Ex

1395 3754 1459 3802 iis
1480 3768 1603 3816 ergo
1615 3751 1843 3816 judncuri
1864 3763 1966 3799 non
1992 3752 2205 3810 possunt
2232 3742 2465 3806 consilis,

1397 3830 1491 3880 sed
1514 3830 1568 3878 in
1600 3829 1677 3877 his
1694 3841 1810 3876 cum
1848 3823 2115 3889 praecipua
2134 3821 2209 3870 vis
2230 3819 2298 3869 sit
2320 3817 2465 3869 Poli-

1399 3911 1523 3959 ticae
1544 3906 1853 3972 prudentia»,
1874 3917 2027 3969 quam
2053 3900 2277 3952 maxime
2300 3895 2463 3946 tradit

1395 3985 1483 4034 hic
1506 3991 1709 4045 auctor,
1732 3983 1957 4033 rationes
1976 3980 2131 4028 etism
2154 3983 2315 4040 atque
2338 3985 2461 4022 cau·

1395 4077 1481 4112 sas
1512 4075 1687 4112 rerum
1722 4057 2055 4124 exponendus
2076 4053 2177 4106 sibi
2204 4048 2427 4102 credidit
2446 4065 2463 4098 ι

1397 4141 1593 4192 nullum
1612 4151 1741 4200 ergo
1778 4137 1864 4185 hic
1901 4135 2047 4184 ulcus
2069 4141 2339 4196 agnoscam
2360 4137 2469 4178 neu

1397 4217 1567 4281 legam
1600 4229 1718 4265 cum
1750 4213 1865 4262 viro
1887 4209 2103 4262 doctiss·
2138 4205 2223 4272 qai
2254 4204 2463 4272 pierius-
