2897 4742
772 325 917 374 ns.
964 325 1045 376 n.
1093 324 1260 375 cn.
1301 305 1411 374 40.
1462 321 2018 374 HISTORtARUM.

244 479 369 516 non
388 468 557 532 longe
576 482 605 516 a
626 467 887 532 praecipua
904 473 1189 518 castrorum
1210 466 1351 516 sede.

244 543 533 607 Dis-persi
558 559 761 608 quoqne
795 543 915 602 fuga
938 544 1206 593 Vitelliani
1231 545 1351 592 Cre-

244 631 491 668 monam
528 626 735 684 petunt,
772 619 1069 668 munitionis
1104 627 1263 682 caput
1298 625 1353 667 et

246 692 479 756 refugii
501 696 687 744 locum.
734 695 966 742 Tandem
997 693 1131 743 Hist.
1156 707 1241 742 m.
1264 693 1353 742 ubi

250 767 331 817 de
389 771 676 832 Cremona,
726 771 741 798 ‘
778 769 959 825 eadem
1008 783 1185 817 rursus
1230 767 1353 816 belli

250 843 475 904 sedes,'
496 853 555 895 et
576 845 691 895 eod.
714 846 808 897 lib.
859 847 874 873 ‘
900 845 1197 894 Othoniano
1220 845 1355 892 bello

252 920 630 973 Germanicus
666 924 817 972 miles
860 923 1110 971 moenibus
1147 922 1355 970 Cremo-

252 999 523 1049 nensium
565 1006 739 1049 castra
786 1015 897 1062 sua,
940 1001 1125 1049 castris
1170 1001 1356 1048 vallum

254 1089 439 1124 sunm
454 1075 902 1139 circumjecerat3’
940 1089 1020 1124 res
1040 1075 1357 1124 animadver-

254 1150 437 1200 sione
458 1150 635 1214 digna,
658 1151 747 1200 sed
770 1153 984 1214 gratior,
1004 1153 1047 1202 si
1070 1152 1153 1200 hic
1174 1149 1359 1200 fuisset

256 1225 503 1276 Inserta.
570 1229 652 1276 Ex
692 1227 930 1276 omnibns
962 1227 1105 1276 hisce
1142 1226 1267 1275 locis
1286 1225 1357 1290 (si

256 1315 401 1352 meo
428 1309 601 1352 stetur
618 1301 842 1366 jndicio)
858 1302 1071 1362 certius,
1089 1317 1240 1367 quam
1264 1316 1359 1365 per

260 1377 640 1442 conjecturas,
700 1385 931 1426 statuere
973 1378 1116 1439 licet,
1154 1377 1358 1425 Vitelli-

260 1465 415 1501 anos
451 1463 622 1502 castra
661 1453 895 1502 habuisse
932 1453 996 1501 ad
1036 1454 1359 1514 Cremonam,

264 1527 755 1591 quomodocunque
779 1527 902 1577 illuc
934 1525 1126 1576 fuerint
1162 1527 1359 1586 delati;

264 1617 413 1652 nam
435 1617 593 1666 snper
613 1619 677 1652 ea
698 1618 772 1666 re,
814 1612 873 1653 ut
912 1611 1069 1653 antea
1090 1602 1218 1664 feci,
1258 1617 1361 1651 non

267 1693 475 1728 moveo
499 1681 700 1728 auctori
720 1679 1149 1729 controversiam.
1196 1678 1363 1728 Otho-

268 1755 435 1804 niani
457 1762 649 1817 autem,
687 1755 853 1820 inquit
872 1756 1103 1818 Tacitus,
1142 1761 1364 1818 quatuor

272 1833 555 1897 progressi
566 1833 823 1896 milliaria,
836 1835 1033 1883 relictis
1046 1840 1240 1892 tamen,
1251 1846 1363 1895 quas

278 1915 585 1958 castrorum
608 1909 1037 1958 Bedriacensium
1075 1907 1366 1956 defensioni

274 1983 609 2046 sufficerent,
632 1984 809 2034 multis
830 1984 1021 2048 copiis;
1056 1997 1175 2032 cum
1195 1989 1368 2030 tamen

280 2060 445 2108 loeus
487 2059 595 2122 ille,
642 2061 707 2109 ad
750 2067 989 2124 quartum
1032 2073 1065 2108 a
1111 2058 1369 2108 Bedriaco

282 2134 545 2197 lapidem,
600 2135 653 2183 in
698 2147 850 2183 unam
896 2141 1097 2184 tantum
1160 2141 1369 2182 noctem

286 2209 599 2272 eligeretur.
667 2209 949 2258 Othoniani
992 2209 1147 2266 enim,
1184 2222 1372 2268 magna

291 2284 455 2333 clade
478 2291 719 2349 accepta,
756 2284 1068 2333 Bedriacum
1107 2281 1372 2344 confugie-

288 2361 445 2411 bant.
510 2361 737 2425 Longius
760 2362 879 2412 inde
904 2368 958 2411 et
979 2359 1240 2410 sexdecim
1263 2359 1373 2409 mil·

294 2436 507 2485 liarinm
552 2438 655 2487 iter
694 2440 929 2502 ingressi,
968 2454 1070 2488 non
1106 2445 1271 2498 reeta,
1312 2443 1372 2487 ut

295 2526 622 2575 presumere
658 2514 805 2575 licet,
843 2514 935 2563 sed
968 2516 1033 2563 ad
1074 2514 1202 2563 laeva
1234 2514 1371 2563 Padi

294 2588 666 2650 deflectentes,
702 2598 923 2655 quatuor
946 2592 1163 2641 circiter
1186 2591 1369 2641 millia-

296 2666 379 2716 ria
414 2666 551 2717 infra
586 2669 895 2718 Cremonam
945 2668 1011 2717 ad
1052 2666 1373 2718 confluentes

298 2743 439 2793 Padi
461 2750 518 2794 et
540 2744 718 2808 Oglio,
758 2752 816 2794 ut
848 2744 1003 2793 hodie
1034 2750 1242 2805 vocant,
1280 2750 1373 2792 aut

304 2819 499 2883 Agele,
520 2827 609 2869 ant
627 2820 967 2884 quodcunque
981 2818 1142 2869 fuerit
1158 2833 1370 2879 nomen3

300 2902 360 2945 et
384 2901 559 2944 tamen
579 2910 681 2943 non
706 2895 947 2945 videntur
968 2895 1039 2944 ibi
1059 2894 1374 2957 consedisse,

301 2971 400 3021 sed
424 2978 569 3021 recta
594 2973 649 3019 in
686 2971 907 3031 hostem,
943 2970 1049 3019 suis
1072 2970 1137 3019 ad
1164 2970 1371 3019 Cremo·

302 3064 423 3099 nam
448 3048 821 3097 munitionibus
846 3054 1035 3108 tutum,
1067 3047 1374 3111 pergebant.

310 3125 447 3174 Nam
485 3125 677 3188 (inquit
698 3122 893 3188 Tacit.)
915 3124 1189 3187 plerosque
1210 3123 1375 3171 Vitel-

307 3202 470 3251 lianos
510 3202 709 3265 equites
744 3201 879 3249 intra
912 3199 1271 3248 vallum·sunm
1296 3212 1380 3255 req

314 3276 586 3342 degerant.
652 3277 819 3325 Pront
840 3288 967 3339 ergo
989 3288 1100 3323 rem
1120 3273 1377 3338 concipio,

312 3354 543 3402 misellus
560 3352 645 3402 bic
664 3354 813 3400 vicus
828 3350 1159 3411 Bedriacum,
1172 3350 1377 3399 nomine

308 3428 385 3477 ita
424 3428 605 3491 ignoto
650 3426 933 3491 praeteritis
984 3426 1377 3491 consecutisque

309 3502 652 3567 temporibus,
669 3510 728 3552 ut
748 3503 879 3552 situs
896 3502 1011 3565 ejus
1026 3502 1162 3551 inter
1175 3502 1379 3552 incerta

312 3590 559 3643 ponatur,
603 3580 791 3643 injusta
835 3578 985 3643 hujus
1032 3578 1199 3641 praelii
1243 3573 1405 3626 fama·

310 3654 609 3705 celebratur
652 3654 925 3718 praeterita
966 3653 1241 3703 Cremona.
1310 3652 1381 3701 Et

312 3738 485 3783 tamen
506 3732 776 3795 conspirat
812 3730 1125 3793 scriptorum
1156 3728 1381 3777 omnium

312 3806 365 3856 in
390 3807 519 3857 illud
556 3821 744 3856 nomen
778 3818 1085 3865 consensus3
1119 3802 1217 3851 nisi
1239 3802 1380 3853 forte

314 3883 426 3933 haec
448 3889 627 3933 movet
664 3880 819 3942 ratio,
858 3878 995 3944 qnod
1022 3878 1303 3927 Othoniani
1326 3880 1381 3927 in

320 3956 499 4021 fugam
517 3957 687 4020 sparsi
708 3970 773 4005 eo
796 3968 853 4003 se
875 3953 1186 4015 receperint.
1242 3952 1381 4017 Pug-

316 4048 399 4085 ηε
422 4033 555 4084 enim
580 4031 781 4081 initium
802 4030 853 4078 in
876 4030 1177 4093 vigesimum
1204 4028 1269 4077 ab
1292 4029 1381 4079 illo

317 4109 539 4159 milliare
582 4106 787 4169 incidit,
846 4113 905 4155 et
962 4104 1058 4154 snb
1111 4104 1383 4155 Cremona

326 4186 543 4248 uloenia3
576 4191 783 4250 tempus
804 4188 997 4249 autem,
1026 4182 1069 4233 si
1089 4183 1379 4249 Josephum

1425 473 1481 516 et
1505 466 1822 528 Egesippum
1849 465 2129 530 sequimur,
2157 463 2208 514 in
2231 471 2497 528 posterum

1426 561 1456 592 a
1483 545 1661 606 pra-lio
1687 546 1750 593 ad
1777 545 2008 593 Castoris
2031 543 2184 592 diem.
2223 543 2326 592 Sed
2349 543 2499 592 Taci-

1428 628 1530 680 tus,
1557 620 1640 669 cui
1671 622 1748 668 hic
1774 620 1946 682 potior
1963 619 2185 666 debetur
2201 617 2352 678 fides,
2371 617 2500 668 inre

1426 701 1588 764 magis
1616 701 1664 748 ei
1689 701 1980 762 explorata,
2017 704 2200 760 utpote
2233 699 2370 746 iutra
2393 698 2502 748 Itan

1426 778 1550 826 liam
1588 784 1752 837 gesta,
1793 777 1893 823 alio
1934 775 2079 824 nobis
2122 775 2290 835 pra-it.
2353 774 2502 824 Suet.

1430 854 1557 903 oth.
1583 857 1631 900 9.
1659 867 1926 900 occursum
1945 852 2210 914 utriusque
2233 849 2501 898 exercitus

1428 930 1584 985 longe
1608 929 1759 976 aliter
1779 927 2044 976 describit.
2081 925 2232 974 Savil.

1487 1005 1669 1054 Aliena»
1685 1001 1855 1064 culpa]
1879 1002 2300 1062 Emendavimus,
2313 1000 2504 1050 aliena·

1431 1095 1538 1144 que.
1579 1082 1870 1128 Rhenanus.

1500 1156 1777 1204 ‚Promoven'
1791 1156 1852 1202 ud
1865 1153 2110 1216 quartum]
2147 1155 2190 1202 E
2204 1154 2494 1204 Plutarcho

1432 1231 1707 1290 scriberes,
1735 1233 1798 1278 ad
1819 1235 2021 1280 sextum.
2089 1231 2224 1279 Nam
2249 1230 2336 1278 ille
2359 1231 2507 1294 quin-

1435 1308 1684 1372 quaginta
1728 1307 1898 1356 stadia
1955 1313 2210 1356 numerat.
2300 1306 2404 1356 Sed
2449 1312 2510 1356 et

1434 1384 1590 1448 paulo
1629 1393 1748 1446 post
1783 1383 1872 1432 ubi
1913 1390 2090 1431 noster
2113 1395 2230 1432 xvi.
2267 1382 2509 1431 milliaria

1434 1465 1692 1518 numerat,
1746 1457 1918 1507 Graeci
1965 1457 2198 1521 ejusdem
2241 1462 2510 1520 computa·

1436 1535 1581 1582 tione
1616 1546 1717 1583 ιιι.
1757 1535 1940 1581 saltem
1981 1532 2297 1582 efficiuntur.
2363 1531 2508 1582 Nihil

1437 1614 1612 1657 tamen
1637 1621 1734 1668 ego
1756 1617 1972 1656 mutem.
2005 1607 2213 1670 Lipsius.

1503 1685 1636 1732 Adeo
1662 1685 1902 1746 imperite]
1933 1684 2121 1750 Totum
2159 1685 2296 1732 hune
2335 1682 2507 1731 locum

1438 1760 1693 1810 verbatim
1737 1759 2050 1808 Plutarchus
2109 1759 2390 1822 expressit,
2447 1763 2510 1806 ut

1440 1836 1688 1900 pleraque
1739 1835 1864 1883 alia:
1933 1835 2034 1883 etsi
2101 1834 2236 1882 haud
2289 1834 2510 1882 multum

1442 1915 1604 1960 oetate
1630 1917 1802 1958 nostro
1825 1909 2059 1958 inferior.
2096 1909 2244 1958 Idem.

1509 1986 1642 2035 Car.
1663 1989 1748 2033 40.
1785 1987 1894 2034 Non
1913 1991 1968 2034 at
2007 1987 2067 2034 ad
2097 1999 2326 2048 pugnem,
2346 1986 2428 2034 sed
2447 1985 2513 2034 ad

1444 2063 1708 2111 bellandam
1739 2061 1968 2125 profecti]
2013 2061 2128 2110 lmo
2171 2063 2285 2123 plus
2327 2068 2407 2109 est
2445 2059 2511 2108 ad

1446 2138 1640 2188 bellum
1663 2152 1719 2186 se
1743 2151 1949 2200 parare,
1970 2152 2121 2201 quam
2157 2137 2224 2185 ad
2257 2137 2511 2200 praelium.

1442 2214 1645 2274 Scribe,
1688 2214 1752 2262 ad
1785 2213 2120 2262 debellandam.
2211 2213 2368 2262 Ibant
2409 2225 2516 2262 uon

1445 2290 1596 2354 quasi
1635 2288 1699 2336 ad
1739 2287 1995 2337 incertum
2030 2294 2316 2348 certamen,
2339 2286 2430 2336 sed
2453 2291 2516 2336 nt

1443 2365 1600 2415 finem
1635 2363 1926 2427 imposituri
1969 2363 2110 2414 bello
2149 2378 2252 2413 una
2272 2361 2514 2414 victoria.

1450 2441 1667 2491 Grotius.
1934 2435 1938 2443 '

1511 2516 1626 2564 Non
1636 2514 1892 2578 antinus-o]
1915 2515 2113 2579 castig.
2131 2528 2222 2563 aon
2237 2514 2517 2579 admissuro,

1442 2595 1526 2656 &⁸⁶-
1595 2592 1888 2641 Rhenanus.

1517 2667 1616 2715 Uen·
1635 2667 1846 2715 consiliis
1865 2668 2181 2727 vincerentur,
2203 2670 2266 2717 ed
2273 2667 2382 2732 jus]
2429 2667 2516 2718 An

1438 2740 1592 2805 jussa
1612 2742 1838 2791 Othonis
1863 2743 2298 2804 praetendebant?
2348 2744 2518 2807 potius

1446 2816 1764 2865 credendum
1786 2825 1889 2877 est,
1907 2831 1996 2865 eos
2021 2817 2198 2867 dicere
2217 2820 2418 2881 solitos,
2439 2818 2516 2869 sic

1447 2892 1586 2949 volo.
1609 2892 1682 2941 sic
1695 2893 1878 2955 jubeo.
1947 2893 2174 2942 Piehena.

1518 2966 1660 3015 citas
1701 2981 1816 3031 equo
1857 2968 2094 3030 Numida]
2142 2968 2255 3017 Viri
2293 2969 2519 3018 eminen-

1451 3040 1584 3091 tiore
1597 3041 1852 3105 dignitate
1871 3050 1980 3091 tum
1999 3043 2246 3106 temporis
2263 3043 2522 3095 ducebant

1451 3118 1755 3183 plerumque
1799 3118 2046 3181 quosdam
2089 3118 2366 3169 Africanos
2409 3118 2524 3168 Nn-

1451 3192 1616 3241 midas
1639 3194 1842 3257 equites
1863 3194 2100 3255 augendo
2123 3194 2410 3257 comitatui,
2427 3201 2524 3246 aut

1453 3267 1811 3331 expediendis,
1829 3283 1946 3332 quai
1987 3267 2234 3319 testinato
2271 3284 2402 3334 opus
2436 3270 2524 3320 ba·

1455 3343 1656 3393 berent-
1689 3344 1868 3393 Senec.
1889 3358 1974 3407 ep.
1995 3348 2113 3393 124.
2151 3345 2166 3371 ‘
2187 3343 2386 3395 Omnes
2413 3346 2525 3411 jan

1453 3419 1528 3469 sic
1565 3420 1986 3482 peregrinantur,
2027 3428 2085 3469 ut
2125 3421 2240 3471 illos
2275 3421 2526 3473 Numida-

1455 3509 1566 3564 rum
1586 3504 1876 3558 praeeurrat
1913 3498 2198 3559 equitatus,
2237 3504 2300 3547 ut
2339 3512 2526 3560 agmen

1455 3584 1717 3620 cursorum
1745 3570 2056 3620 antecedat.'
2091 3570 2240 3619 Idem
2264 3572 2418 3635 epist.
2439 3576 2524 3622 88.

1454 3646 1616 3695 Mart.
1639 3648 1674 3695 1.
1698 3659 1802 3695 ιιι.
1827 3646 1980 3708 Epig.
2015 3649 2098 3695 24.
2145 3646 2308 3695 ⁴-Non
2345 3654 2527 3697 vector

1455 3721 1640 3785 Libyci
1661 3718 1868 3779 caballi,
1891 3721 2196 3769 Succinctus
2223 3736 2392 3787 neque
2413 3736 2528 3773 cur·

1457 3812 1544 3847 sor
1563 3795 1866 3847 antecedit?
1923 3796 2073 3847 Savil.

1522 3876 1676 3937 AEger
1695 3889 1846 3937 mora,
1869 3881 1916 3922 et
1955 3875 2056 3936 spei
2077 3873 2352 3938 impatiens]
2382 3874 2527 3927 'ralis

1457 3950 1510 3999 in
1553 3951 1838 4001 Homerico
1885 3949 1970 3999 illo
2005 3950 2240 4001 Hectore
2273 3948 2525 4004 affectus:

1457 4026 1690 4091 Βέλτερον
1732 4024 1833 4075 αὖθ’·
1855 4024 1966 4091 ἔριδι
1998 4025 2348 4087 turcandum·
2383 4024 2530 4077 Ὀπι

1454 4104 1668 4167 τάχιστα
1689 4105 1886 4165 moues«
1905 4102 2148 4167 δατ-πέρᾳ
2167 4120 2250 4153 κεν
2271 4100 2530 4165 Ὀλύμπιοι

1467 4180 1611 4246 εὖχος
1661 4178 1812 4249 ὀρέξῃ.
1872 4182 1946 4232 Et
1997 4178 2212 4244 Polybii
2264 4180 2532 4233 verissima
