2897 4742
465 489 716 552 tinentur,
751 495 812 539 ut
831 487 906 538 ait
927 489 987 538 Ia.
1042 487 1120 537 Ut
1149 487 1435 551 Alphenns.
1459 487 1525 536 ‹le

468 565 615 616 verb.
654 565 826 630 signif.
871 565 938 616 D.
975 564 1175 613 Plinius
1207 579 1412 629 quoque
1452 564 1527 612 ita

467 641 800 705 {recipiendus
835 647 918 690 est
957 642 988 689 l.
1009 655 1060 688 v.
1083 644 1163 690 21.
1196 641 1211 667 ⁶
1246 638 1527 688 Antiochia

469 715 652 781 libera,
741 716 1045 780 Epidaphne
1133 713 1525 778 cognominata)

471 795 624 846 Quod
669 795 851 843 scribit
897 793 961 842 ud
1013 791 1356 842 differentiam
1411 793 1526 856 ejus

473 871 784 930 Antiochiae,
822 885 936 934 quae
973 870 1027 918 in
1059 868 1442 932 Mesopotamia
1474 873 1529 916 et

475 946 676 996 Cilicia.
739 947 982 996 Aurelius.

541 1025 821 1072 Cen-seretur
879 1021 1085 1084 clypeus]
1127 1018 1158 1048 ⁹
1201 1018 1374 1068 vultus
1421 1019 1531 1082 ejus

477 1097 646 1162 imago
663 1095 696 1147 :⁸
727 1105 782 1147 et
822 1097 986 1146 infra:
1036 1098 1052 1124 ‘
1091 1095 1240 1159 Rogo
1283 1103 1533 1159 qnantum

475 1176 702 1238 pretium
724 1181 806 1224 est
829 1173 1056 1237 Clypeus
1081 1173 1130 1221 in
1165 1173 1335 1222 curia?
1369 1181 1532 1222 tantae

475 1249 725 1310 victoriae,
749 1257 958 1313 qunntae
991 1263 1094 1297 una
1132 1263 1291 1297 aurea
1326 1248 1534 1297 statua!

485 1323 780 1374 Vei-cranius.
848 1326 934 1374 De
973 1324 1071 1373 bac
1111 1325 1282 1387 clypei
1311 1322 1537 1386 ponendi

479 1402 874 1463 consuetudine,
929 1409 984 1450 et
1051 1401 1252 1466 quando
1315 1401 1535 1464 primum

481 1478 668 1542 Clypei
729 1478 1002 1539 imaginum
1053 1477 1279 1540 publice,
1333 1477 1538 1541 quando

479 1553 531 1602 in
557 1552 790 1603 domibus
821 1553 998 1615 positi,
1033 1553 1257 1617 itemque
1283 1552 1351 1600 de
1389 1551 1539 1600 aereis

485 1629 692 1694 Clypeis
739 1643 857 1677 cum
903 1629 1163 1690 argenteis
1211 1627 1541 1690 Imaginibus,

480 1703 736 1753 videndus
759 1703 899 1751 Plin.
931 1717 1105 1753 xxxv.
1141 1707 1188 1753 2.
1213 1709 1269 1751 et
1289 1707 1336 1752 3.
1401 1703 1541 1751 Addi

483 1784 660 1842 potest
704 1779 849 1828 locus
908 1793 973 1827 ex
1018 1779 1251 1828 oratione
1295 1792 1397 1827 ιιι.
1435 1779 1544 1828 Ha-

486 1854 652 1903 driani
693 1855 830 1918 Imp.
873 1869 1027 1918 quem
1073 1854 1236 1903 refert
1283 1855 1544 1904 Charisius

481 1931 520 1979 l.
545 1944 625 1979 ιι.
681 1934 696 1958 ⁸
720 1929 922 1990 Divusss
958 1931 1145 1993 inquit,
1197 1931 1212 1956 ‘
1248 1930 1544 1978 Hadrianus

486 2007 775 2054 orationum
801 2018 904 2053 xu.
963 2005 1007 2053 A
1030 2005 1192 2065 vobis,
1220 2006 1286 2054 P.
1310 2006 1372 2054 C.
1403 2011 1548 2068 peto,

488 2087 544 2129 et
574 2081 909 2144 impetratum
943 2081 1254 2130 validissime
1287 2081 1461 2144 cupio,
1490 2087 1549 2128 ut

489 2157 725 2218 proxime
777 2157 1050 2218 imaginem
1101 2156 1324 2219 Augusti
1369 2169 1550 2218 argen-

491 2240 632 2282 teum
657 2233 828 2296 potius
851 2233 1101 2295 clypeum
1143 2231 1278 2281 sicut
1313 2231 1552 2296 Angusto

492 2307 731 2376 ponatis,’
775 2312 872 2358 διε.
955 2308 1130 2373 Atque
1189 2309 1274 2358 hic
1331 2309 1442 2373 ipse
1488 2322 1554 2357 ex

491 2394 708 2451 argento
732 2386 957 2449 Clypeus
998 2386 1228 2449 signatus
1259 2394 1340 2434 est
1373 2387 1425 2434 in
1446 2386 1556 2447 plu·

495 2462 640 2512 ribus
665 2462 887 2524 Augusti
919 2461 1141 2511 denariis
1179 2478 1295 2511 cum
1339 2461 1555 2523 iuscrip-

497 2538 659 2601 tione,
695 2537 823 2586 Cnv.
859 2539 956 2587 hoc
993 2546 1090 2601 est,
1126 2540 1389 2595 Cutem,
1427 2536 1559 2585 anti-

497 2630 604 2679 qua
646 2613 923 2677 scriptura,
985 2623 1044 2663 ut
1099 2616 1232 2664 Sulla
1275 2628 1368 2677 pro
1412 2613 1563 2677 Sylla,

497 2692 598 2741 nisi
641 2690 778 2740 forte
824 2692 910 2753 sit,
963 2692 1057 2741 Cr..
1106 2706 1156 2741 v.
1201 2704 1292 2755 pro
1333 2691 1562 2755 Clypeus

501 2768 728 2817 votivus.
761 2767 1034 2815 Praeterea
1049 2766 1312 2816 Pedianus
1335 2768 1384 2814 in
1407 2768 1560 2816 verr.

499 2845 535 2893 1.
555 2856 632 2893 x1.
678 2843 882 2903 For-uix,
917 2843 1096 2907 inquit,
1141 2842 1384 2891 Fabianus
1402 2856 1561 2904 arcus,

501 2922 583 2983 qe.
655 2917 830 2983 Atque
872 2918 1163 2983 hujusmodi
1199 2925 1349 2968 scuta
1393 2919 1444 2967 in
1486 2930 1563 2966 ar-

504 3003 694 3061 genteo
727 2997 938 3046 denario
985 2998 1059 3045 M.
1093 2998 1280 3059 Lepidi
1318 2998 1565 3046 columnis

503 3076 749 3126 Basilicae
805 3076 1021 3124 AEmilioe
1077 3076 1232 3125 affixa
1307 3076 1566 3126 videntur.

503 3153 780 3201 Suetonius
819 3152 870 3199 in
918 3152 1066 3213 Caio,
1107 3157 1187 3202 16.
1229 3153 1246 3179 ‘
1282 3154 1418 3201 inter
1452 3152 1568 3202 reli-

508 3243 635 3294 quos
689 3228 904 3276 honores
943 3226 1186 3277 decretus
1231 3234 1312 3276 est
1343 3229 1566 3291 Clypeus

509 3316 715 3365 aureus,
761 3314 910 3366 quem
964 3303 1235 3366 quotannis
1287 3310 1433 3353 certo
1481 3303 1567 3353 die

509 3378 728 3440 collegia
770 3378 1096 3427 sacerdotum
1157 3379 1210 3427 in
1254 3379 1566 3443 Capitolium

511 3454 744 3503 ferrent.’
807 3454 1103 3502 Trebellius
1139 3455 1310 3505 Pollio
1341 3457 1393 3504 in
1418 3456 1569 3505 Clau·

511 3530 616 3596 dio,
655 3532 672 3559 ‘
701 3524 964 3593 'Claudio,’
1033 3532 1218 3597 inquit,
1288 3532 1304 3561 ‘
1342 3532 1568 3596 Clypeus

515 3623 700 3659 aureus
722 3619 932 3657 senatus
956 3608 1112 3658 tutius
1140 3608 1340 3673 judicio
1375 3610 1426 3659 in
1464 3609 1571 3659 Ro-

509 3700 662 3735 mana
693 3686 840 3735 curia
873 3686 1154 3735 collocatus
1179 3685 1296 3749 est,’
1328 3692 1426 3737 &c.
1485 3688 1572 3736 De

513 3762 714 3827 clypeo
737 3762 991 3825 Scipionis
1029 3776 1144 3811 cum
1169 3762 1388 3827 imagine
1411 3762 1574 3825 patris

513 3844 571 3887 et
608 3839 782 3901 patrui
826 3836 1080 3885 videndus
1135 3837 1287 3885 Silius
1335 3838 1573 3900 Italicus,

511 3916 552 3965 l.
589 3920 639 3965 ⁷.
711 3916 928 3965 Ursinus.
1019 3914 1457 3977 Egregia-multa
1508 3915 1574 3964 de

515 3992 714 4055 clypeis
749 3992 860 4040 istis
887 3992 1100 4041 Ursinus
1123 4000 1174 4038 et
1214 3992 1431 4053 Lipsius,
1454 4005 1577 4055 quo-

517 4082 632 4116 rnm
667 4068 1026 4127 monumentis,
1071 4066 1229 4114 addat
1275 4065 1400 4114 lieet
1445 4067 1577 4115 anti-

519 4142 716 4207 qnsrioe

1162 329 1414 420 uorsus·
1433 341 1836 394 vsulontm
1884 343 1964 393 nr

1598 489 1757 551 paret
1778 487 1829 534 in
1855 485 2027 549 operis
2048 483 2240 548 integri
2266 497 2385 549 pag.
2402 489 2521 536 ⁴⁹6.
2546 488 2604 549 4,
2624 487 2687 535 6.

1598 562 1689 610 illa
1712 565 1825 622 172,
1848 567 1901 610 2.
1969 563 2221 612 Gruterus.

1668 641 1877 688 Cunerum
1902 639 2177 688 Germanici
2198 639 2479 703 appellavit]
2548 641 2683 690 Mos

1602 715 1720 765 olim
1765 722 2030 780 receptus,
2082 717 2283 764 honoris
2323 731 2498 777 cansa,
2530 715 2679 764 bene

1600 793 1922 851 meritorum,
1964 793 2199 857 inprimis
2216 793 2546 857 Principum,
2589 809 2689 842 no-

1604 869 1739 917 mina
1762 869 1825 917 iis
1846 869 2002 918 etiam
2036 869 2215 918 indere
2249 869 2423 931 rebus,
2454 885 2685 934 quarum

1606 943 1945 1009 frequentior,
1994 957 2057 992 sc
2096 945 2147 992 in
2194 946 2419 1008 cujusvis
2462 961 2577 1008 ore,
2623 953 2683 995 et

1608 1030 1917 1086 perpetuum
1960 1020 2071 1070 fere
2111 1021 2178 1069 ob
2222 1035 2369 1070 usum
2413 1029 2683 1084 perpetua

1606 1103 1801 1149 mentio
1839 1109 1938 1161 est,
1982 1107 2041 1147 nt
2080 1098 2299 1162 legibus,
2334 1099 2571 1160 urbibus,
2612 1099 2689 1145 le·

1608 1175 1859 1238 gionibus,
1895 1176 2093 1235 turmis,
2112 1177 2210 1224 erc.
2278 1175 2349 1223 Et
2391 1175 2551 1223 hodie
2594 1174 2691 1223 ob-

1609 1257 1862 1300 servatur.
1930 1251 2137 1300 Militiae
2176 1250 2463 1299 celebriora
2497 1261 2693 1314 opera,

1610 1328 1812 1378 bellicae
1845 1343 2023 1390 naves,
2056 1327 2257 1391 aliaque
2275 1325 2554 1390 ejusmodi,
2574 1333 2695 1375 tan·

1610 1411 1779 1453 torum
1804 1405 2064 1453 hominum
2098 1403 2389 1451 nominibus
2420 1401 2563 1465 apud
2592 1415 2693 1449 nos

1610 1479 1837 1544 aliosque
1869 1479 2233 1542 insigniuntur.
2286 1477 2618 1526 Boxhorru'us.

1676 1555 1811 1604 CAP.
1824 1558 1904 1604 85.
1918 1556 2061 1617 Apud
2072 1555 2259 1603 AEdt’les
2268 1552 2575 1614 ulgurernt]
2596 1551 2701 1600 Mi-

1613 1645 1709 1680 nus
1728 1645 1974 1694 expressa
1992 1629 2129 1693 apud
2146 1629 2271 1678 alios
2286 1628 2512 1690 vestigia
2530 1628 2621 1691 huj
2630 1642 2697 1675 ns

1616 1708 1768 1757 moris
1790 1723 1802 1754 :
1841 1721 1954 1770 quae
1978 1706 2061 1758 hie
2081 1705 2134 1753 in
2154 1706 2339 1754 Tacito
2361 1705 2519 1752 clara.
2540 1702 2571 1732 ⁹

1694 1783 1885 1832 Exacta
1936 1789 1984 1832 et
2026 1799 2058 1830 a
2108 1781 2311 1843 Titidio]
2378 1779 2700 1828 Vertranius

1616 1864 1859 1908 exactum:
1886 1859 1969 1908 cui
1988 1857 2239 1907 adsentio.
2294 1856 2503 1919 Lipsius.
2539 1855 2704 1904 Faer-

1616 1951 1714 1985 nus
1772 1935 1999 1984 addebat
2050 1947 2251 1992 vocem,
2315 1932 2459 1994 ratio,
2520 1938 2579 1980 et
2624 1929 2705 1978 le·

1620 2011 1804 2074 gebat:
1844 2011 2035 2059 Exacta
2077 2015 2127 2058 et
2180 2025 2211 2057 a
2252 1995 2433 2057 minio
2477 2007 2705 2056 Labeon

1628 2087 1831 2137 Vistilia
1864 2087 2039 2136 mrito
2074 2085 2218 2147 ratio,
2254 2099 2357 2144 etr,
2395 2087 2478 2147 asc.
2552 2081 2701 2132 Fieri

1623 2172 1795 2213 autem
1842 2162 2031 2227 potuit,
2074 2169 2131 2210 ut
2174 2160 2228 2209 id
2272 2162 2505 2216 verbum,
2553 2159 2702 2223 quod

1624 2239 1819 2288 diusbus
1844 2245 2043 2288 tantum
2076 2239 2241 2287 literis
2276 2243 2511 2286 notatum
2538 2243 2709 2300 esset,

1624 2322 1679 2366 rb
1703 2316 1861 2366 facile
1886 2316 2126 2365 librarius
2154 2315 2401 2364 omiserit.
2444 2313 2671 2362 Ursinus.

1694 2394 1961 2455 Sea-aginta
2016 2391 2139 2455 dies]
2238 2391 2367 2441 Dies
2422 2390 2706 2453 sexaginta

1630 2468 1737 2518 dati
1786 2470 1895 2530 lege
1939 2469 2100 2530 Julia,
2140 2482 2170 2515 a
2208 2468 2291 2516 die
2315 2467 2551 2526 divortii,
2592 2482 2708 2515 ma-

1631 2546 1729 2594 rito
1785 2544 1849 2592 ad
1907 2544 2269 2593 accusandum.
2364 2543 2578 2591 clarum
2634 2557 2705 2589 ex

1632 2623 1669 2671 l.
1714 2635 1790 2670 xr.
1836 2632 1953 2668 xiv.
1994 2635 2081 2669 xv.
2157 2618 2241 2667 Ad
2286 2620 2455 2682 legem
2499 2618 2705 2669 Juliam

1635 2696 1701 2745 de
1722 2695 2028 2755 adulteriis3
2064 2708 2190 2759 quas
2212 2694 2348 2744 vide.
2402 2693 2617 2755 Lipsius.

1701 2772 1780 2821 De
1798 2771 1947 2819 sacris
1976 2770 2248 2835 AEgyjm'is]
2314 2770 2376 2817 In
2401 2769 2540 2818 omni
2566 2770 2710 2833 Rep.

1638 2848 1769 2898 bene
1814 2847 2051 2897 instituta
2088 2862 2289 2911 semper
2310 2860 2507 2895 summo
2528 2846 2707 2895 studio

1639 2924 1898 2989 provisum
1942 2930 2042 2985 est,
2082 2938 2149 2971 ne
2192 2925 2329 2972 inter
2372 2923 2513 2971 cives
2562 2930 2710 2971 esset

1640 3000 1859 3047 varietas
1937 2998 2256 3061 religionum.
2354 2998 2546 3063 Itaque
2629 3014 2712 3048 sa.-

1642 3074 1847 3138 pienter
1892 3073 2001 3121 Cic.
2048 3073 2101 3121 in
2135 3073 2337 3137 legibus
2384 3075 2481 3124 hoc
2526 3076 2711 3125 statim

1642 3166 1673 3199 a
1695 3149 1951 3213 principio
1968 3150 2173 3212 statuit,
2204 3152 2219 3178 ‘
2245 3151 2527 3214 separatim
2552 3166 2710 3201 nemo

1642 3226 1872 3275 habessit
1896 3226 2058 3285 Deos,
2098 3240 2229 3273 neve
2268 3240 2447 3288 novos,
2490 3226 2585 3274 sed
2610 3242 2713 3275 nec

1644 3301 1891 3361 advenas,
1940 3300 2037 3347 nisi
2084 3301 2289 3362 publice
2334 3300 2582 3363 adscitos,
2628 3316 2717 3351 co·

1642 3374 1823 3425 lunto.’
1887 3376 2185 3425 Postumius
2224 3376 2403 3425 consul
2425 3376 2564 3439 apud
2591 3377 2717 3425 Liv.

1644 3464 1845 3500 xxxix.
1865 3456 1943 3500 16.
1988 3450 2200 3500 Servius
2218 3452 2271 3500 in
2294 3453 2471 3503 l.vm.
2494 3467 2569 3501 vs.
2598 3456 2717 3503 187.

1644 3528 1773 3577 Cum
1814 3528 1971 3592 igitur
2004 3528 2172 3589 multi,
2210 3534 2265 3577 et
2300 3529 2353 3576 in
2374 3528 2503 3578 urbe
2534 3536 2591 3578 et
2618 3542 2717 3591 per

1644 3606 1847 3656 Italiam
1872 3608 2126 3671 AEgyptiis
2160 3614 2217 3657 et
2254 3604 2485 3657 Judsicis
2520 3606 2715 3655 ritibus

1646 3682 1813 3731 dediti
1852 3692 2045 3746 essent,
2081 3698 2169 3732 eos
2204 3688 2411 3732 senatus
2438 3682 2717 3745 pellendos

1636 3759 1913 3824 judicavit.
1980 3758 2155 3824 Atque
2212 3760 2445 3822 AEgyptii
2498 3760 2718 3823 quidem

1648 3836 1872 3885 omnium
1896 3836 2189 3884 mortalium
2219 3836 2720 3898 superstitiosissimi

1649 3919 1817 3971 eraut,
1871 3919 1929 3960 ut
1982 3927 2047 3959 ex
2104 3912 2393 3969 Herodoto,
2460 3913 2721 3974 Diodoro,

1652 3988 1956 4049 Plutarcho,
1987 3988 2226 4039 Juvenali
2252 3992 2359 4037 Sat.
2382 4000 2473 4039 xv.
2498 3991 2718 4056 aliisque

1651 4066 1893 4127 cognosci
1918 4071 2105 4125 potest.
2156 4064 2311 4112 Multi
2336 4072 2512 4112 antem
2537 4064 2717 4114 Roma

794 4142 868 4191 rei
943 4150 1112 4205 mysta
1182 4142 1579 4203 luscriptionem
1654 4140 1912 4203 AEgyptiis
1990 4138 2447 4201 superstitionibus
2531 4138 2719 4189 infecti

519 4232 673 4271 unam
693 4219 1031 4283 alteramque,
1065 4232 1282 4285 quarum
1315 4218 1426 4269 haec
1447 4232 1583 4269 com.
1656 4222 1871 4266 erantt·

1915 4215 2261 4281 colebantque
2317 4215 2445 4280 Isin,
2488 4214 2718 4275 Anubin,
