2897 4742
457 457 682 521 mxima
715 457 864 510 κιαι-ἕο
899 457 1050 510 aliter
1087 467 1298 523 possunt
1333 462 1523 526 accipi,

463 547 617 598 quum
655 534 722 584 de
760 537 996 599 proximo
1027 536 1188 598 nari3
1221 539 1328 586 sive
1362 539 1521 601 ipsius

415 675 420 680 ,
459 612 620 662 maris
651 613 892 676 proxima
923 621 1096 676 parte.
1159 616 1306 666 Sicut
1327 630 1416 666 ιιι.
1436 621 1521 666 78.

461 688 674 738 ‘intima
707 687 941 749 Africae,’
979 704 1074 753 pro
1105 692 1288 742 intima
1320 692 1521 755 Africa,

465 770 556 814 aut
595 763 776 813 intima
815 772 963 828 parte
1002 766 1204 816 Africo
1239 782 1314 818 ιν.
1349 773 1434 820 46.
1468 776 1523 819 et

464 852 570 890 xu.
591 844 672 890 ⁶6.
737 844 752 868 ⁸
773 842 930 890 Edita
952 843 1200 892 montium
1215 844 1248 894 ι’
1271 851 1326 894 et
1347 845 1401 893 in
1425 846 1523 895 boc

463 915 578 980 ipso
615 917 864 966 vocabulo
903 919 971 968 H.
1007 933 1098 970 ιιι.
1131 925 1213 971 42.
1245 921 1525 971 ‘Proxima

462 992 707 1042 litorum!
741 1007 833 1044 xv.
872 1000 952 1046 58.
995 997 1012 1024 ‘
1033 997 1278 1048 Proxima
1311 998 1525 1048 munici-

463 1069 703 1134 piorum‚’
747 1084 844 1133 pro
877 1071 1119 1134 proximis
1160 1073 1398 1123 litoribus
1431 1080 1525 1122 aut

464 1145 773 1209 municipiis.
837 1145 924 1196 Sic
969 1146 1130 1210 igitur
1165 1157 1224 1197 et
1253 1150 1268 1176 ⁶
1289 1149 1525 1212 proxima

465 1221 639 1270 maris'
675 1222 1072 1287 interpretanda
1091 1231 1260 1288 erant,
1289 1226 1332 1274 si
1353 1225 1525 1277 verbis

463 1299 820 1351 inhaereamus.
886 1302 1024 1350 Nam
1061 1303 1373 1354 sententiam
1411 1318 1525 1353 ver-

463 1377 664 1432 sionum
699 1377 862 1440 magis
903 1378 1100 1440 probo;
1149 1379 1382 1443 adeoque
1423 1395 1525 1429 non

462 1453 686 1516 pona-inu
733 1454 900 1515 maris,
949 1454 1040 1504 sed
1083 1456 1209 1504 mari
1251 1454 1527 1518 legendum

464 1529 707 1593 arbitror,
731 1530 885 1580 litera
907 1531 1110 1581 scilicet
1133 1532 1388 1596 sibilante,
1411 1547 1527 1597 quae

467 1616 536 1654 'ex
571 1606 840 1657 vicinitate
879 1609 1144 1672 sequentis
1175 1608 1414 1658 vocabuli
1452 1615 1529 1658 te-

465 1695 626 1743 mere,
639 1689 698 1732 ut
716 1683 868 1746 solet,
879 1683 1050 1744 liaesit,
1065 1684 1280 1749 rejecta.
1305 1684 1527 1733 Freiasb.

532 1757 792 1809 :silentione
811 1774 875 1807 ua
893 1759 1027 1821 voce]
1059 1761 1329 1810 Moestitiae
1353 1775 1527 1810 comes

464 1839 524 1882 >et
557 1833 836 1884 silentium.
858 1835 980 1885 Job.
1003 1839 1056 1884 2.
1091 1837 1106 1864 ‘
1125 1836 1388 1886 sederunt
1407 1849 1527 1884 cum

467 1922 532 1958 eo
566 1908 620 1956 in
643 1915 785 1958 terra
807 1917 1008 1973 septem
1031 1910 1212 1961 diebus
1245 1917 1302 1959 et
1323 1919 1527 1973 septem

465 1983 729 2046 noctibus,
749 1991 805 2033 et
836 1999 986 2034 nemo
1013 1986 1062 2034 ei
1085 1985 1394 2049 loquebatur
1413 1999 1529 2034 ver-

467 2060 618 2109 bum:
671 2060 918 2110 videbant
963 2059 1098 2110 enirn
1141 2061 1370 2110 dolorem
1411 2075 1527 2110 esse

469 2135 863 2186 vehementem.'
899 2136 1138 2186 Aurelius.

475 2239 484 2246 ·
533 2211 784 2272 Successit,
819 2226 910 2260 m
943 2211 1114 2276 aucti]
1175 2211 1354 2262 Solent
1389 2211 1527 2260 enim

471 2290 560 2355 qui
603 2304 670 2340 ex
711 2289 866 2352 longa
917 2288 1248 2352 navigatione
1303 2297 1529 2352 portum,

471 2384 624 2434 quem
655 2366 923 2431 petebant,
947 2367 1144 2429 vident,
1167 2374 1363 2417 terram
1396 2369 1529 2417 salu—

471 2450 604 2507 tare,
619 2451 676 2494 et
689 2445 880 2495 multas
899 2443 1102 2495 laetitiae
1123 2442 1529 2506 significationes

471 2522 615 2572 dare.
697 2522 844 2584 Vir-g.
889 2534 975 2570 ιιι.
1024 2520 1289 2582 ‘Italiam‚
1333 2520 1529 2585 primus

471 2598 764 2647 conclamat
783 2596 1046 2656 Achates;
1083 2595 1291 2645 Italiam
1309 2596 1434 2645 laeto
1453 2611 1531 2646 so·

471 2671 542 2721 cii
564 2672 790 2722 clamore
810 2670 1075 2721 salutant-⁹
1109 2672 1350 2721 Muretus.
1415 2673 1531 2735 Ego

472 2762 590 2797 cum
625 2748 723 2797 illis
757 2748 930 2811 potius
963 2747 1150 2807 sentio,
1172 2747 1260 2811 qui
1293 2748 1532 2810 classem,

473 2830 532 2873 ut
567 2838 662 2889 per
696 2824 858 2887 ipsam
898 2824 973 2872 rei
1009 2829 1242 2872 naturam
1281 2838 1412 2887 opus
1431 2830 1533 2883 est,

472 2902 659 2951 sensim
705 2901 964 2950 admotam
1010 2907 1068 2949 et
1110 2899 1533 2963 propinquiorem

473 2976 616 3025 litori
629 2974 820 3025 factam
845 2983 1140 3039 exponunt:
1163 2990 1264 3025 non
1289 2984 1344 3025 ut
1361 2975 1533 3025 studio

474 3054 647 3103 cursui
669 3062 1033 3117 temperatum,
1065 3061 1155 3103 aut
1189 3052 1392 3115 segnius
1415 3051 1535 3101 red-

473 3129 641 3178 ditum
685 3127 847 3179 fuerit
891 3128 1182 3191 remigium:
1217 3127 1356 3193 quod
1395 3129 1535 3178 sicut

471 3218 577 3254 non
625 3204 904 3253 intendisse
948 3217 1044 3266 per
1091 3204 1432 3264 alacritatem,
1473 3208 1533 3251 ut

471 3282 640 3329 solent
661 3280 985 3343 appellentes
1007 3280 1061 3327 in
1085 3279 1380 3327 desiderata
1400 3278 1534 3337 loca,

473 3356 556 3405 ita·
587 3369 756 3420 neque
791 3355 1046 3403 remisisse
1089 3353 1254 3403 videri
1291 3360 1533 3417 possunt,

475 3432 568 3484 sed
587 3432 769 3481 eodem
789 3438 972 3481 tenore
1004 3431 1270 3494 inceptum
1293 3430 1396 3481 iter
1417 3443 1533 3480 esse

475 3507 798 3573 prosequuti.
837 3506 1056 3556 Freinsh.

481 3610 490 3621 ν
511 3612 518 3618 ·
539 3586 676 3637 Cu».
686 3588 736 3635 2.
751 3582 1297 3648 Munerufuagerentw]
1311 3584 1432 3633 Non
1443 3597 1537 3633 no·

473 3676 660 3726 vemet:
669 3676 734 3711 ex
747 3660 1046 3711 Latinitatis
1058 3667 1319 3724 portento:
1338 3661 1535 3725 quippe

471 3741 548 3791 ita
571 3740 790 3788 Plautus
829 3737 881 3785 in
902 3735 1216 3786 Triumviro:
1251 3741 1266 3764 ⁶
1285 3736 1536 3799 Sequere,

472 3830 592 3865 inea
611 3820 754 3875 nata,
778 3818 836 3863 ut
869 3825 1053 3861 munus
1089 3811 1321 3875 fungaris
1350 3811 1534 3863 tun-,⁹

475 3890 549 3939 Et
583 3889 636 3937 in
677 3887 944 3937 Asinaria:
979 3888 994 3914 ‘
1015 3886 1204 3935 Munus
1235 3887 1537 3939 adolescen-

476 3966 574 4015 tuli
599 3963 872 4027 Fungarel
902 3964 1147 4012 Aurelius.

541 4042 699 4104 Atque
729 4038 810 4088 uhi
845 4039 1046 4089 colonius
1077 4042 1536 4103 transgrederentur,

477 4120 660 4182 asma]
723 4118 788 4167 Id
809 4124 906 4179 est,
947 4117 1100 4182 puilia
1133 4124 1191 4167 et
1227 4117 1533 4181 lugubribus

475 4193 710 4263 vestibus
721 4193 930 4253 amium
995 4192 1163 4249 Phbu
1183 4192 1426 4260 antiquus
1445 4209 1539 4267 nog

1161 313 1378 368 Nor-ar
1403 305 1825 368 ‚vammum
1872 319 1953 369 m

1597 463 1873 515 minatlvus
1908 479 2005 529 pro
2040 463 2211 530 plebs.
2278 463 2505 516 Mart
2530 463 2693 529 eqni-

1598 545 1687 603 tes,
1706 549 1765 590 ut
1802 555 1835 590 a
1872 541 2025 605 plebe
2058 543 2495 606 discernerentur,
2512 557 2681 606 pona-

1600 629 1819 680 pamque
1840 617 1981 665 illam
2004 617 2372 680 augustiorem,
2392 624 2451 666 et
2470 618 2685 680 majes-

1598 691 1721 740 tatis
1761 691 2043 755 pleniorem
2079 693 2383 742 redderent.
2415 693 2681 742 Muretus.

1600 767 1845 818 Quamvis
1882 767 1935 815 in
1974 768 2275 817 Germanici
2306 766 2493 817 funere
2524 769 2541 794 ‘
2558 775 2681 817 tra·

1600 841 1741 892 beati
1762 842 1965 907 equites
1984 843 2354 905 incessissent,’
2370 855 2475 891 non
2502 842 2573 890 ob
2606 841 2677 890 id

1600 925 1775 968 tamen
1798 917 2142 982 inferendum,
2166 919 2401 968 trabeam
2424 917 2681 968 funerale

1596 995 1953 1044 indumentum
1990 993 2247 1056 extitisse,
2282 995 2373 1044 sed
2412 995 2551 1043 bene
2588 991 2681 1043 fa·-

1598 1071 1799 1120 miliare
1836 1071 2096 1136 equitibus
2136 1071 2191 1120 in
2232 1071 2451 1135 publicis
2478 1071 2693 1132 solen-

1598 1147 1863 1197 nitatibus.
1900 1149 2058 1196 Marc.
2096 1147 2334 1198 Donatus.
2401 1147 2677 1196 Existimo

1600 1230 1723 1274 tunc
1758 1223 1966 1272 trabeas
2002 1222 2159 1273 fnisse
2181 1229 2399 1286 atratas,
2418 1229 2477 1272 et
2499 1237 2565 1272 ex
2592 1222 2679 1272 ni-

1600 1313 1695 1361 gro
1716 1300 1911 1361 colore,
1932 1298 2027 1348 sed
2048 1299 2287 1350 habuisse
2312 1296 2535 1348 formam
2558 1305 2675 1348 tra-

1599 1374 1829 1434 bearum,
1866 1389 1981 1440 quoe
2014 1375 2325 1424 vestimenta
2362 1382 2515 1424 erant
2558 1374 2679 1439 pri·

1600 1466 1738 1500 mum
1776 1453 1938 1516 regia,
1960 1457 2147 1514 postea
2168 1450 2411 1500 militaria
2429 1457 2487 1500 et
2508 1464 2676 1512 pecn-

1601 1527 1753 1576 liaria
1790 1527 2048 1591 equitibus
2080 1528 2347 1586 Romanis,
2366 1543 2399 1576 a
2431 1525 2677 1578 trabibus

1600 1603 1815 1654 intextis
1854 1603 2193 1654 discoloribus
2230 1618 2299 1653 ex
2336 1617 2575 1668 purpura
2610 1609 2677 1651 et

1602 1693 1778 1729 cocco.
1812 1680 1981 1729 Annis

1672 1755 1895 1804 Menti
1928 1753 2130 1818 equitod
2194 1754 2225 1784 ⁹
2256 1754 2369 1804 111ae
2388 1753 2527 1804 enim
2552 1767 2677 1817 pro·

1604 1830 1732 1893 priae
1776 1831 2013 1894 equitum
2034 1847 2049 1878 ι
2102 1831 2247 1894 (nam
2290 1831 2679 1880 Grammatico·

1604 1917 1715 1952 rum
1768 1905 1979 1954 inventa
2032 1905 2115 1953 bic
2170 1919 2273 1954 nou
2326 1919 2521 1966 moror,
2576 1905 2675 1968 qui

1602 1978 1805 2029 faciunt
1838 1979 1997 2028 etiam
2030 1993 2231 2043 regum,
2264 1979 2473 2038 ducum,
2504 1993 2677 2043 augu-

1605 2071 1715 2106 rum
1735 2055 1776 2121 2)
1808 2062 1865 2106 et
1888 2055 2007 2106 ideo
2047 2055 2285 2106 Trabeam
2318 2059 2531 2119 agmina,
2568 2055 2677 2118 ipsi

1602 2133 1806 2197 equites
1836 2133 2029 2194 Statio,
2052 2132 2103 2180 in
2136 2132 2305 2194 Epulo
2338 2131 2673 2182 Domitiani:

1602 2211 1618 2236 ‘
1635 2209 1743 2260 Hic
1777 2223 1893 2260 cum
1936 2209 2215 2258 Romuleos
2256 2221 2520 2270 proceres,
2562 2214 2677 2256 tra·

1602 2285 1861 2350 beataque
1883 2285 2057 2336 Cesar
2078 2285 2317 2346 Agmina,
2340 2284 2481 2332 mille
2514 2283 2677 2334 simul

1594 2362 1760 2427 :iussit
1784 2361 2111 2413 discumbere
2150 2359 2373 2411 mensis!
2442 2361 2511 2410 Et
2534 2360 2589 2410 in
2614 2374 2673 2409 v.

1602 2439 1855 2488 Silvanum
1878 2438 1943 2489 ad
1968 2438 2283 2502 Crispinum:
2319 2450 2473 2502 quem
2496 2437 2675 2487 locum

1602 2515 1767 2566 fusius
1784 2516 2093 2585 adscribam,
2104 2516 2226 2580 quia
2238 2516 2342 2565 mei
2364 2522 2483 2578 eget
2500 2531 2512 2563 :
2534 2516 2553 2543 ⁴
2566 2528 2675 2564 non

1609 2601 1661 2644 te
1684 2594 1841 2643 series
1864 2593 2113 2645 inhonora
2148 2602 2439 2658 parentum,
2462 2596 2675 2646 Obscu-

1604 2684 1717 2720 rum
1742 2672 1964 2733 proavis,
1984 2678 2040 2720 et
2064 2672 2247 2734 priscas
2274 2672 2405 2721 lucis
2424 2677 2673 2733 egentem

1606 2747 1821 2795 Plebeia
1842 2747 1909 2795 de
1928 2748 2093 2810 stirpe
2116 2748 2269 2796 tulit:
2302 2761 2403 2796 non
2418 2749 2673 2811 sanguine

1606 2831 1779 2873 cretus
1801 2824 2026 2873 Tui-mali
2050 2823 2299 2887 trabeque
2322 2838 2383 2873 ac
2416 2825 2594 2886 remis,
2616 2832 2675 2873 et

1608 2914 1839 2963 paupere
1878 2901 2025 2950 clavo
2070 2901 2355 2965 Augustam
2398 2900 2577 2967 sedent
2618 2908 2675 2950 et

1608 2976 1745 3025 Latii
1770 2977 2039 3039 penetrale
2068 2978 2293 3029 Senatus
2316 2977 2538 3028 Adversa
2561 2980 2681 3042 pal·

1606 3052 1757 3101 susti:
1806 3052 1899 3101 sed
1944 3053 2275 3117 prsscedente
2320 3062 2524 3106 tuorum
2560 3054 2673 3119 Ag·

1606 3128 1780 3179 mine!
1847 3130 1985 3179 Vere
2022 3132 2159 3181 enim
2184 3130 2423 3194 emendo,
2452 3146 2547 3181 m
2566 3146 2679 3181 sua-

1602 3204 1749 3266 gaiae
1784 3211 1938 3255 crem
1977 3206 2208 3270 firmali,
2224 3206 2473 3271 trabeaque
2514 3208 2677 3269 Reasi,

1604 3296 1914 3347 aeepuapere
1935 3284 2091 3333 clueo.-
2124 3283 2175 3332 id
2216 3292 2314 3347 est,
2351 3285 2471 3336 Nou
2508 3290 2567 3332 tu
2606 3298 2676 3334 ex

1609 3358 1763 3420 plebe
1827 3366 1991 3419 satus,
2044 3358 2149 3408 imo
2214 3372 2313 3408 nec
2366 3372 2433 3408 ex
2488 3358 2675 3409 ordine

1608 3434 1865 3498 equestri3
1896 3448 2051 3498 quem
2078 3434 2267 3484 deinde
2290 3434 2543 3485 describit
2580 3434 2679 3483 tri-

1612 3510 1706 3559 bus
1732 3510 1889 3573 notis,
1914 3510 2117 3559 luxuria
2136 3524 2238 3559 non
2260 3510 2509 3561 indecora
2532 3510 2681 3574 inge-

1608 3586 1703 3647 nii,
1730 3592 1789 3633 ut
1812 3586 1949 3635 solet
1967 3585 2021 3634 in
2046 3585 2135 3635 illo
2158 3584 2333 3649 poeta.
2404 3586 2679 3635 nri-aleas

1608 3662 1886 3723 unguium
1922 3668 2109 3722 vocat3
2140 3662 2263 3726 quia
2286 3662 2511 3726 proprie
2536 3662 2681 3727 eqni-

1611 3745 1719 3788 tuin
1741 3739 1977 3787 Turmae:
2018 3736 2247 3787 Meuius
2280 3738 2441 3799 Remi,
2476 3738 2602 3801 quia
2640 3738 2679 3787 ii

1611 3815 1853 3876 trabeati,
1886 3815 2125 3879 exemplo
2160 3828 2369 3877 regum:
2406 3814 2691 3878 Pupam.

1610 3894 1813 3953 clavum,
1826 3890 1879 3939 id
1902 3897 2000 3953 est,
2014 3899 2290 3955 angustum
2309 3897 2363 3941 et
2381 3896 2573 3954 artum,
2590 3892 2683 3956 qui

1612 3968 1809 4017 ordinis
1824 3966 2096 4031 equestris.
2128 3967 2335 4030 Lipsius.

1684 4041 1893 4104 Vestem]
1932 4040 1963 4069 *
1997 4041 2183 4105 virgil.
2204 4041 2259 4089 in
2278 4040 2462 4091 funere
2482 4042 2679 4093 Miseni

1611 4132 1690 4167 vr.
1714 4122 1831 4169 221.
1884 4117 2083 4167 Statius
2106 4118 2159 4165 in
2182 4117 2333 4181 Epic.
2352 4118 2541 4169 Glauc.
2564 4123 2678 4169 15⁹.

1614 4193 1775 4245 Silius
1796 4194 1833 4249 l.
1854 4206 1913 4251 x.
1932 4193 1989 4243 in
2006 4191 2194 4251 funere
2216 4194 2277 4247 ῑι.
2294 4193 2489 4247 AEmilii
2510 4195 2683 4249 Paulli
