2897 4742
706 333 854 383 ms.
902 336 956 384 1.-
996 333 1165 384 cu.
1210 318 1323 384 44.
1368 331 1942 386 ms'romsauu.
2242 317 2458 398 41:512,

203 481 391 546 pibus,
458 480 527 532 ad
596 495 827 546 presens
898 481 1288 536 munimentum.

202 561 389 612 Quam
414 559 517 609 etsi
538 560 649 623 ipse
666 559 887 609 lucidam
904 564 961 608 et
982 573 1153 608 veram
1173 571 1288 605 sen-

204 635 439 684 tentiam
471 636 621 696 dicit,
642 650 741 700 ego
762 642 935 684 tamen
951 634 1101 684 valde
1119 633 1287 682 adhuc

200 711 493 762 obscuram
529 718 587 762 et
618 712 870 761 incertam
908 710 1077 778 videp.
1146 707 1285 761 Quid

212 787 357 838 enim
390 789 505 838 est?
553 789 673 837 uuio
704 788 756 836 in
795 783 1066 851 posterum?
1100 793 1157 835 et
1194 801 1285 836 cur

204 871 390 916 mutat
412 865 843 928 elegantissimam
864 863 1175 912 locutionem
1188 866 1287 910 tru-

208 940 317 989 dito
348 939 519 990 more?
596 940 759 1004 Cujus
802 937 1045 1002 exempla
1092 937 1285 1001 ubique

210 1019 385 1067 multa
406 1035 419 1068 :
445 1019 597 1066 Curt.
618 1017 655 1066 l.
680 1031 765 1066 m.
782 1015 895 1066 ‘Ita
911 1015 1107 1064 tradito
1128 1028 1289 1075 more,

210 1105 281 1146 ut
322 1097 577 1146 victorem
622 1094 749 1144 victi
780 1091 913 1157 regis
952 1091 1286 1141 tabernaculo

214 1172 571 1236 exciperent!
604 1171 683 1221 Id.
707 1170 741 1220 l.
766 1184 819 1220 v.
850 1172 865 1196 ‘
884 1169 987 1218 Sed
1011 1183 1105 1217 rex
1139 1168 1285 1218 dese-

208 1263 335 1298 rere
372 1249 565 1298 milites
591 1246 877 1310 insepultos
924 1243 1287 1307 erubescebat,

210 1327 299 1377 ita
336 1328 534 1376 tradito
557 1341 718 1387 more,
759 1331 819 1374 ut
855 1325 940 1374 vix
962 1323 1123 1372 ullum
1155 1322 1285 1370 mili-

212 1405 309 1453 tiae
353 1410 461 1453 tam
500 1403 712 1452 solenne
734 1407 871 1450 esset
912 1413 1112 1457 munus,
1132 1414 1283 1463 quam

204 1479 467 1530 humandi
499 1479 650 1530 suos!
713 1478 837 1542 Ipse
874 1479 995 1526 Tac.
1038 1477 1134 1526 hoc
1172 1477 1283 1539 ipso

210 1558 311 1608 lib.
346 1559 365 1586 ⁴
382 1559 571 1621 Neque
584 1554 685 1605 iliis
690 1554 945 1618 judicium
964 1559 1051 1602 aut
1064 1552 1283 1612 veritus3

212 1632 313 1684 sed
334 1631 534 1682 tradito
566 1645 725 1694 more,
760 1643 1121 1695 quemcunque
1142 1627 1283 1692 prin-

210 1715 393 1777 cipem
440 1711 719 1762 adulandi!
808 1709 879 1760 At
922 1707 1105 1772 inquit,
1156 1706 1283 1756 alias

214 1795 405 1852 peccat
428 1789 555 1838 Tac.
592 1793 778 1836 contra
814 1783 1281 1834 Grammaticorum

212 1865 447 1928 regulae,
482 1877 653 1926 neque
676 1875 795 1910 eum
816 1875 849 1908 a
882 1856 1059 1907 ferulis
1080 1857 1281 1906 illorum

211 1942 491 2008 quisquam
511 1938 775 1989 liberabit.
836 1936 1008 1988 Jubeo
1045 1949 1281 1984 securum

216 2032 337 2068 esse
370 2016 545 2066 Taciti
590 2014 813 2082 nomine.
877 2014 991 2076 Ego
1029 2011 1280 2062 liberabo.

214 2094 339 2154 Nec
360 2093 417 2142 in
438 2092 611 2142 verbis
630 2091 839 2156 quidem
850 2087 979 2152 ipsis
1006 2089 1281 2153 quicquam

214 2175 385 2230 muto,
402 2169 585 2217 saltem
610 2167 663 2216 in
684 2181 863 2216 eorum
893 2163 1095 2214 ordine.
1157 2165 1281 2214 Tra-

204 2245 377 2309 jectio
398 2244 537 2293 enim
577 2240 848 2292 manifesta
881 2246 997 2302 est3
1035 2255 1187 2304 quam
1224 2247 1283 2291 et

216 2322 462 2383 Muretus
486 2320 706 2370 viderat.
770 2319 950 2382 anue
972 2317 1167 2381 corrigi
1188 2317 1280 2366 du·

218 2399 437 2463 pliciter
457 2403 649 2461 potest,
686 2394 767 2445 vel
782 2396 867 2443 sed
887 2392 1073 2443 tradito
1099 2394 1279 2457 princi-

212 2474 357 2539 pibus
390 2490 537 2537 more,
579 2471 803 2521 ultionem
836 2471 898 2519 ud
948 2485 1177 2533 presens,
1228 2471 1281 2519 in

214 2558 457 2616 poam
496 2550 832 2601 munimentum
845 2566 861 2598 .-
895 2547 980 2596 vel
1027 2548 1281 2597 msam-

216 2633 321 2679 :aas
342 2629 395 2677 in
410 2632 667 2691 mamm,
698 2628 761 2675 ad
788 2639 997 2688 presens
1029 2624 1284 2673 ultionem.-

222 2720 329 2770 quo
359 2690 647 2769 posteriore
668 2700 823 2751 modo
858 2701 1099 2751 Muretus
1134 2698 1281 2748 resti-

144 2803 153 2815 ·
219 2788 416 2842 tuerat,
451 2786 505 2829 et
542 2778 667 2828 mihi
710 2790 835 2828 sane
876 2775 1078 2827 restitui
1120 2774 1284 2839 magis

218 2860 444 2923 placeat.
509 2858 695 2907 Sensus
730 2867 867 2905 nunc
886 2857 897 2862 '
919 2850 1285 2915 liquidissimus

218 2943 323 2997 est,
356 2934 587 2998 itemque
610 2928 925 2991 verissimus,
946 2928 1067 2977 Non
1094 2927 1285 2976 honore

218 3012 426 3076 Galba,
446 3011 539 3061 scd
567 3009 693 3074 quia
710 3003 1029 3075 principibus
1048 3016 1155 3052 mos
1186 3008 1288 3066 cst,

216 3095 283 3139 ut
316 3089 485 3139 scelus
518 3086 573 3135 in
614 3096 841 3147 praesens
876 3078 1199 3141 ulciscendo,
1232 3078 1285 3127 in

222 3170 491 3229 posterum
514 3161 583 3213 ab
604 3161 669 3209 iis
690 3172 805 3209 sese
835 3154 1102 3215 muniaut;
1136 3160 1193 3202 ut
1208 3153 1285 3202 sic

221 3256 321 3292 nec
341 3240 633 3303 interprete
653 3251 751 3286 nec
782 3239 1036 3285 assertore
1068 3230 1287 3281 ulterius

222 3330 405 3384 egeat:
439 3316 531 3367 sed
554 3302 877 3367 constructio
917 3310 1085 3361 adhuc
1108 3304 1283 3359 dubia.

224 3396 401 3447 Facile
422 3394 699 3443 firmavero
717 3390 885 3441 Taciti
908 3386 1185 3450 exemplis:
1220 3385 1283 3434 In

223 3473 407 3524 Germ.
442 3474 456 3501 ‘
476 3485 621 3520 suam
644 3468 859 3533 quisque
881 3463 1090 3514 domum
1112 3462 1283 3526 spatio

220 3547 531 3609 circumdat,
550 3547 659 3596 sive
696 3544 943 3593 adversus
982 3553 1131 3589 casus
1152 3536 1285 3602 ignis

223 3624 527 3685 remedium,
570 3622 679 3671 sive
713 3617 922 3668 inscitia
956 3612 1289 3665 nidificandi!

216 3700 561 3766 Ibidemque:
611 3698 815 3746 ‘solent
832 3700 889 3744 ct
926 3692 1287 3742 subterraneos

226 3793 413 3842 specus
436 3775 663 3839 aperire,
680 3786 873 3837 eosque
894 3770 1055 3821 multo
1074 3766 1289 3830 insuper

226 3854 347 3905 fimo
386 3861 627 3915 onerant,
676 3848 953 3913 suffugium
988 3844 1181 3909 hyemi,
1232 3848 1289 3893 et

226 3932 619 3997 receptaculum
636 3925 903 3993 frugibus?
938 3925 1077 3975 Hist.
1116 3924 1152 3971 l.
1192 3933 1285 3970 ιιι.

226 4011 243 4039 ‘
265 4010 367 4061 oui
410 4024 527 4059 suas
568 4006 827 4057 centurias
866 4010 1159 4064 turmasque
1192 4005 1291 4047 tra·

226 4084 351 4155 dere
386 4084 577 4134 donum
609 4081 811 4140 victori,
833 4087 891 4130 et
925 4078 1022 4129 sibi
1042 4076 1097 4124 in
1120 4081 1291 4139 poste·

231 4176 343 4211 rum
363 4160 604 4225 gratiam,
639 4154 944 4207 certabant:
981 4152 1123 4201 Hist.
1155 4151 1189 4201 l.
1212 4164 1292 4201 iv.

224 4238 243 4267 ⁴
268 4237 431 4289 Simul
450 4235 679 4288 omnium
714 4232 967 4297 coniuges
1003 4241 1291 4294 parvosque

1358 479 1550 532 liberos
1583 481 1868 532 consistere
1885 495 1918 530 a
1948 485 2100 543 tergo
2113 477 2292 544 jubet,
2305 480 2426 532 hor·

1362 565 1596 610 tamenta
1638 558 1889 621 victorin,
1931 559 2016 606 vel
2054 557 2212 622 pulsis
2259 557 2426 621 pudo·

1361 641 1504 688 rem.’
1581 635 1719 687 Ibid.
1782 636 1798 663 ‘
1821 635 2157 698 Donativum‚
2223 633 2422 696 duplex

1360 710 1697 776 stipendium,
1752 710 1932 775 augeri
1981 709 2212 774 equitum
2245 723 2424 760 nume·

1356 803 1490 852 rum,
1528 789 1784 852 promissa
1817 801 1940 837 sane
1982 801 2015 834 a
2051 785 2284 846 Vitellio,
2303 797 2426 848 pos·

1360 865 1616 924 tulabant,
1635 879 1736 914 non
1777 871 1836 914 nt
1872 868 2290 928 assequerentur,
2329 856 2424 911 sed

1362 955 1570 990 cansam
1593 938 1874 991 seditioni!
1937 938 1993 988 Si
2009 938 2113 987 boc
2137 938 2286 999 nolis,
2305 951 2424 1000 pos·

1360 1017 1431 1065 sis
1475 1016 1632 1066 etiam
1653 1014 1838 1065 aliter:
1873 1015 1937 1064 ad
1975 1027 2180 1076 presens
2215 1013 2425 1062 ultioni.-

1360 1105 1512 1156 aeque
1535 1093 1668 1141 bona
1691 1090 1772 1140 vel
1793 1090 2026 1150 meliore,
2051 1088 2240 1138 Tacito
2274 1093 2423 1139 certe

1360 1181 1466 1216 non
1503 1167 1671 1216 minus
1711 1165 1900 1215 usitata
1936 1163 2130 1228 plu-asi.
2166 1163 2252 1214 Ita
2283 1163 2422 1216 Ann-

1361 1257 1490 1292 xru.
1525 1244 1612 1308 qui
1635 1244 1780 1292 locus
1812 1240 1948 1304 huic,
1968 1240 2036 1290 de
2081 1255 2183 1304 quo
2204 1239 2422 1304 agimus,

1358 1321 1520 1370 etiam
1541 1318 1801 1368 sententia
1836 1325 1915 1366 est
1952 1315 2221 1366 assimilis:
2257 1318 2271 1345 ‘
2298 1317 2425 1366 Fac·

1360 1402 1468 1444 tum
1491 1403 1545 1444 et
1567 1395 1760 1444 SCtum
1797 1391 1977 1442 ultioni
2003 1392 2162 1454 juxta
2183 1399 2239 1442 et
2275 1407 2423 1442 secu-

1357 1471 1538 1520 ritati!
1601 1471 1686 1520 Sic
1705 1469 1793 1519 lib.
1817 1483 1910 1518 xv.
1945 1470 2146 1518 ‘Multa
2180 1469 2424 1520 Romanis

1357 1547 1603 1610 secunda,
1641 1545 1876 1610 quaedam
1911 1546 2119 1595 Partitis
2155 1546 2422 1596 evenisse:

1356 1622 1666 1672 documento
1688 1621 1932 1672 adversus
1951 1621 2281 1686 snperbiam.’
2350 1623 2424 1672 Et

1356 1699 1470 1749 aliis
1492 1699 1684 1763 passim
1718 1697 2002 1747 innumeris
2034 1697 2178 1746 locis.
2245 1696 2424 1746 Acidu-

1354 1776 1464 1826 lius.
1531 1777 1616 1826 De
1639 1775 1940 1824 sinceritate
1955 1773 2110 1838 hujus
2127 1773 2230 1824 loci
2253 1773 2423 1824 adhuc

1356 1852 1577 1901 dubito:
1611 1866 1730 1900 nam
1769 1865 1937 1915 neque
1967 1850 2216 1915 priorem,
2252 1864 2422 1914 neque

1356 1937 1674 1992 postremam
1691 1928 1856 1992 Lipsii
1870 1927 2282 1976 emendationem
2299 1928 2424 1976 satis

1356 2004 1715 2069 probaverim:
1773 2004 2064 2068 proesertim
2109 2019 2226 2054 cum
2273 2003 2424 2066 illud,

1354 2082 1533 2132 tradito
1554 2097 1700 2143 more,
1719 2081 1788 2132 sit
1817 2082 2022 2132 auctori
2058 2087 2236 2131 nostro
2275 2079 2422 2130 fami-

1354 2160 1501 2222 liare,
1521 2160 1610 2225 qui
1628 2173 1786 2223 supra
1807 2156 1926 2208 eod.
1947 2155 2042 2206 lib.
2065 2157 2233 2206 dixit:
2271 2158 2287 2184 ⁴
2315 2163 2423 2206 tra·

1354 2233 1470 2285 dito
1511 2249 1672 2296 more,
1729 2246 2088 2296 quemcunque
2131 2231 2424 2294 principem

1354 2309 1634 2360 adulandi!
1697 2308 1918 2358 Tentavi
1959 2309 2036 2359 its
2082 2313 2418 2358 construere:

1354 2386 1550 2437 tradito
1593 2383 1914 2449 principibus
1953 2397 2118 2446 more,
2153 2382 2220 2433 ad
2255 2383 2421 2432 mnni-

1350 2468 1582 2511 mcntum
1615 2474 1862 2525 praesens,
1895 2464 1951 2509 et
1989 2456 2056 2506 ad
2079 2457 2330 2507 ultionem
2367 2458 2424 2509 in

1352 2543 1651 2601 posterum:
1675 2544 1735 2586 ut
1759 2537 1866 2587 scil.
1890 2551 2012 2600 vox,
2031 2536 2270 2598 ultionem,
2293 2549 2422 2600 pen-

1353 2613 1480 2663 deat
1523 2628 1591 2663 ex
1637 2612 1972 2663 antecedenti
2031 2612 2424 2676 praepositione,

1353 2690 1451 2738 ud.-
1522 2687 1779 2752 quomodo
1839 2689 1993 2751 paulo
2044 2686 2183 2736 infra
2255 2686 2422 2737 dixitz

1355 2766 1369 2793 ‘
1388 2764 1454 2813 ad
1477 2762 1782 2813 seditionem
1801 2771 1857 2812 et
1879 2762 2199 2825 discordias:
2235 2770 2292 2812 et
2324 2763 2340 2791 ‘
2355 2763 2424 2813 ad

1357 2849 1644 2891 extremum
1665 2838 1801 2888 bella
1821 2839 1992 2888 civilia
2011 2837 2266 2889 ruebant.'
2313 2839 2422 2889 No-

1357 2916 1566 2967 vissime
1589 2929 1714 2965 vero
1745 2914 1847 2964 alia
1868 2914 1992 2964 mibi
2015 2912 2248 2965 defensio
2271 2915 2422 2978 liujus

1356 2994 1462 3045 loci
1495 2991 1784 3044 succurrit:
1819 2991 1866 3041 si
1903 2990 2198 3055 appositive
2239 2996 2423 3055 quarto

1360 3084 1502 3132 casu,
1536 3068 1894 3129 munimentum,
1916 3066 2160 3131 accipias,
2193 3065 2423 3129 pendens

1361 3161 1392 3195 a
1431 3145 1684 3210 superiori
1716 3158 1867 3208 voce,
1897 3158 2086 3193 omues.-
2118 3150 2243 3193 tunc
2285 3141 2422 3192 enim

1360 3228 1504 3273 recte
1524 3221 1624 3273 sibi
1651 3221 1871 3271 invicem
1893 3219 2302 3284 respondebunt,
2322 3236 2422 3269 mu-

1356 3301 1620 3351 nimentum
1640 3305 1695 3347 et
1715 3298 1956 3347 ultionem.
2023 3295 2270 3346 Picbena.
2299 3296 2333 3347 J
2339 3310 2424 3347 am

1358 3376 1472 3426 dixi
1501 3388 1672 3425 casum
1711 3388 1806 3439 pro
1842 3387 1966 3423 casu
1987 3370 2422 3437 magnificentiam

1358 3452 1554 3514 dicere,
1609 3450 1969 3515 simillimoque
2025 3450 2268 3514 exemplo
2315 3463 2424 3499 rem

1358 3527 1577 3579 firmavi.
1611 3528 1788 3577 Plaut.
1811 3527 2089 3576 Trinumm.
2155 3528 2171 3553 ‘
2197 3524 2250 3573 Is
2271 3525 2423 3573 bomo

1359 3611 1641 3657 exornetur
1685 3603 1934 3669 graphice
1989 3602 2043 3650 in
2093 3601 2422 3665 peregrinum

1359 3684 1586 3745 modum,
1606 3683 1794 3745 Ignota
1831 3678 2010 3741 facies,
2043 3692 2160 3743 quae
2183 3691 2286 3727 non
2323 3677 2425 3725 usi-

1362 3766 1474 3809 tata
1547 3759 1632 3820 sit,
1683 3755 1996 3805 Falsidicum
2067 3752 2424 3804 confidenter!

1362 3836 1697 3899 Quapropter
1751 3832 1837 3881 bic
1893 3830 2284 3881 emendationes
2321 3844 2428 3881 non

1360 3912 1632 3961 inducam:
1669 3924 1783 3974 quae
1808 3907 1944 3955 enim
1983 3907 2170 3955 clarior
2204 3907 2425 3969 gnome?

1362 3990 1434 4039 Et
1467 3988 1576 4037 sine
1605 3986 1814 4035 schema
1850 3983 2002 4045 ultio,
2037 3997 2187 4046 quam
2217 3996 2426 4031 manere

1360 4066 1550 4117 scimus
1578 4078 1726 4115 ausos
1747 4062 1946 4112 caedem
1969 4060 2241 4124 principis,
2262 4058 2426 4109 muni-

1362 4150 1594 4194 mentum
1635 4138 1718 4191 est
1751 4137 2058 4189 dominantis
2084 4154 2097 4185 ι
2141 4149 2258 4185 nam
2289 4135 2427 4185 inter

1364 4220 1479 4283 ejus
1506 4218 1808 4283 conjuratos
1841 4214 1886 4265 is
1921 4212 2077 4263 facile
2111 4226 2298 4263 nomen
2321 4224 2426 4262 nou
