2897 4742
2272 341 2447 411 4113

1372 512 1501 547 rone
1541 499 1609 547 de
1649 500 1798 564 Ling.
1826 502 1941 551 Lat.
1966 501 2003 551 l.
2024 514 2077 549 v.
2146 500 2257 551 Cic.
2288 501 2445 566 epist.

1373 587 1413 624 1.
1435 588 1477 624 ι.
1514 574 1581 623 ad
1606 576 1672 627 Q.
1696 576 1837 626 Frat.
1906 575 2099 625 Verum
2138 577 2259 640 qula
2294 585 2351 627 et
2384 578 2446 629 id

1373 663 1557 699 munus
1576 652 1841 714 proprium
1866 658 1982 701 erat
2016 652 2239 712 viatorio,
2262 654 2313 702 in
2339 668 2445 719 quo

1374 724 1649 776 differrent
1698 734 1755 777 et
1797 728 2261 793 distinguerentur,
2296 731 2444 782 inda..

1374 801 1617 865 gaudum.
1690 803 1901 854 Victoris
1920 818 2103 853 mutnus
2121 807 2445 869 proecipuurn

1371 876 1527 928 fuisse
1550 879 1790 942 vocandi,
1812 886 2017 930 constat
2054 895 2119 929 ex
2160 882 2447 933 Columella

1373 952 1426 1001 in
1452 952 1601 1015 pref.
1640 955 1676 1002 l.
1702 968 1740 1005 1.
1805 954 1917 1006 Cic.
1939 956 2005 1005 de
2032 957 2242 1007 Senect.
2283 972 2333 1008 c.
2358 959 2439 1009 to.

1373 1030 1445 1078 Et
1484 1030 1644 1079 Festo
1682 1028 1733 1078 in
1778 1031 2011 1081 Viatores.
2081 1034 2150 1083 Et
2180 1034 2292 1085 Liv.
2315 1048 2442 1086 vnt-

1374 1110 1455 1153 18.
1538 1106 1609 1155 Et
1654 1104 1792 1156 Plin.
1836 1119 2001 1156 xvnr.
2048 1112 2095 1157 3.
2182 1111 2261 1158 Ex
2284 1110 2442 1161 dietis

1371 1186 1539 1244 patet,
1578 1181 1735 1231 sicuti
1766 1182 1987 1245 Accessi,
2020 1184 2096 1233 ita
2127 1188 2187 1232 et
2231 1186 2444 1237 Vinion-is

745 353 892 403 mn.
937 350 1098 401 xv1.
1143 352 1306 402 cAr.
1349 336 1459 403 12.
1502 352 1941 406 autunum.

173 494 486 557 qua-ivn
542 501 600 547 et
633 496 992 555 difficultatem
1028 496 1300 562 afferebat,

173 570 352 633 quod
381 572 743 635 apparitores,
765 575 1009 636 viatores,
1033 588 1300 637 accensos,

167 644 460 709 lictores,
493 656 850 711 summotorcs,
878 651 955 700 ita
991 650 1160 701 officio
1181 666 1301 701 con-

163 720 442 783 junctos
465 724 814 788 observarem,
836 733 894 775 ut
929 732 1045 791 qua:
1082 729 1220 776 inter
1243 728 1301 775 il-

173 796 270 844 los
317 798 668 869 'differentia
721 809 862 851 esset
915 804 1299 867 constituenda,

171 870 557 936 ignorarem:
591 877 730 941 quod
755 883 927 927 tamen
948 880 1102 941 longo
1125 880 1299 929 studio

171 954 244 997 et
267 950 576 1014 diligentia
597 966 682 1001 me
700 952 1026 1002 adinvenisse
1042 955 1297 1004 existimo.

173 1024 418 1091 Itaque
473 1028 527 1077 hi
581 1044 758 1078 omnes
798 1030 1111 1093 Apparatum
1150 1031 1298 1093 dicti,

178 1105 358 1168 quod
413 1106 622 1155 scilicet
667 1106 1056 1171 Magistratibus
1094 1108 1297 1156 assiste·

177 1187 352 1243 rent,
383 1188 442 1230 et
475 1188 672 1244 praesto
693 1188 871 1230 esseut
907 1181 973 1229 ad
1015 1181 1298 1245 obsequen-

181 1253 364 1317 dum,
394 1258 512 1305 Liv.
542 1262 627 1306 nt.
648 1259 730 1305 49.
755 1262 812 1307 et
846 1268 970 1305 vm.
993 1260 1074 1307 88.
1140 1256 1296 1307 Quod

180 1332 252 1378 et
281 1332 628 1393 potissimum
653 1333 839 1396 passim
865 1338 1018 1395 patet
1037 1346 1102 1380 ex
1127 1331 1295 1381 Arum.

181 1406 560 1468 Marcellino,
605 1416 662 1458 et
701 1424 766 1459 ex
810 1409 1118 1471 Justiniano,
1161 1410 1214 1457 iu
1259 1409 1296 1459 1.

185 1494 283 1533 xx
296 1495 394 1532 xx.
433 1486 462 1547 ξ
495 1490 544 1534 5.
585 1487 704 1534 cod.
725 1488 786 1534 de
807 1485 1026 1549 Episcop.
1047 1490 1097 1534 et
1119 1486 1292 1535 cta-ie.

187 1557 281 1607 Hi
307 1575 534 1624 quoque
555 1562 803 1611 nominati
825 1560 1106 1623 ntiaisterio,
1143 1561 1175 1610 l.
1204 1574 1292 1610 nr.

187 1636 224 1698 ᾖ
271 1636 463 1686 Ῥείαν.
502 1638 573 1687 D.
617 1638 676 1686 de
709 1642 906 1701 suspect.
947 1642 1096 1687 tator.
1183 1635 1295 1687 Ali-

191 1714 435 1777 quando
457 1714 714 1777 apparitio,
755 1716 790 1763 l.
813 1713 970 1775 finali,
991 1715 1020 1776 §
1041 1712 1201 1776 finali,
1223 1714 1292 1761 D.

187 1792 262 1840 de
305 1792 536 1841 etiaim&
601 1792 792 1841 Cicero
835 1797 1008 1839 tamen
1048 1789 1101 1837 in
1137 1790 1292 1851 epist.

195 1867 276 1916 ad
302 1866 612 1930 Thermum,
643 1862 984 1931 apparitionem
1007 1880 1100 1929 pro
1123 1864 1294 1915 officio

195 1944 544 2008 apparitoris
580 1944 806 2006 accepit.
872 1940 1060 1991 Vocati
1089 1954 1294 2005 quoque

197 2026 267 2069 et
310 2020 578 2069 interdum
617 2020 787 2085 officia,
825 2018 862 2067 1.
887 2018 1129 2079 Illic-itam,
1163 2017 1294 2080 §Ne

199 2098 401 2157 tenuis,
420 2099 492 2146 D.
532 2099 592 2145 de
629 2098 747 2161 offic.
781 2095 977 2159 μνεία.
1043 2096 1294 2145 Nonnun-

199 2186 379 2236 quam
403 2173 642 2237 officiales,
683 2170 894 2220 Rubric.
934 2178 989 2220 et
1023 2172 1058 2221 l.
1082 2184 1121 2219 1.
1161 2170 1291 2221 Cod-

203 2246 282 2296 de
333 2247 458 2297 filiis
496 2246 698 2297 official.
740 2253 796 2296 et
841 2246 968 2309 Cap.
1008 2247 1200 2307 Nauna,
1238 2250 1290 2295 4.

205 2329 412 2388 quaest.
435 2330 636 2389 quarta.
701 2322 972 2371 Interdum
1003 2328 1290 2383 executores,

201 2399 248 2448 l.
269 2413 340 2448 ιι.
369 2401 484 2449 Cod.
506 2401 564 2448 de
587 2401 781 2462 spor-inl.
834 2398 1125 2463 Aliquando
1141 2397 1292 2460 πείσει’,

203 2475 298 2524 nti
321 2491 442 2540 cap.
461 2480 508 2526 1.
531 2477 598 2524 de
617 2475 872 2524 immunit.
897 2475 1086 2524 eccles.
1126 2481 1182 2523 et
1218 2473 1288 2523 ibi

207 2552 396 2614 glossa
419 2553 471 2600 in
495 2551 712 2600 novella.
777 2549 938 2611 Τάξεις
956 2552 1199 2611 rer-tefam,
1237 2550 1288 2599 id

209 2634 322 2691 est,
347 2629 460 2676 ordo
483 2631 538 2676 et
561 2627 610 2675 in
637 2628 804 2690 glossa
825 2627 1012 2688 veteri,
1055 2623 1290 2690 ἆμφοδάρ-

209 2719 306 2763 χαι
344 2701 698 2766 &pystus-„phau
765 2702 826 2751 In
855 2703 1034 2752 horum
1073 2717 1288 2752 numero

205 2779 368 2829 fuere
387 2781 593 2841 lictores,
615 2778 702 2842 qui
729 2778 1054 2842 apparebant
1074 2778 1154 2826 his
1177 2785 1289 2826 tan-

208 2861 332 2904 tum
363 2855 771 2918 magistratibus,
803 2855 888 2919 qui
927 2855 1288 2904 auctoritatem

209 2931 471 2982 haberent
493 2945 595 2980 nou
625 2931 788 2980 solnm
810 2929 1028 2980 vocandi
1053 2935 1108 2978 et
1128 2930 1290 2992 ligan-

213 3009 294 3070 di,
317 3007 408 3058 sed
429 3016 483 3057 et
505 3022 710 3072 quoque
735 3006 1006 3070 puniendi3
1043 3006 1198 3069 hique
1223 3005 1289 3053 ab

215 3083 339 3134 aliis
362 3085 416 3132 iu
439 3085 534 3132 hoc
557 3082 1032 3146 distinguebantur,
1053 3081 1190 3144 quod
1211 3093 1290 3128 se-

215 3159 336 3210 curi
359 3165 414 3207 et
433 3157 596 3222 virgis
619 3157 928 3221 supplicium
951 3155 1018 3215 de
1035 3155 1290 3203 damnatis

215 3236 516 3296 sumebant,
546 3235 692 3299 jussu
731 3233 1143 3296 magistratuum,
1181 3230 1288 3294 qui·

213 3311 318 3362 bus
343 3311 688 3376 apparebant.
764 3309 852 3358 Ita
871 3308 1131 3356 Tribunos
1155 3305 1290 3354 Con·

215 3388 378 3437 sulari
411 3393 676 3452 potestate
707 3393 926 3446 creatos,
959 3385 1170 3433 lictores
1205 3383 1290 3430 iia·

217 3463 396 3514 buisse
418 3469 626 3512 constat
651 3477 717 3510 ex
752 3461 902 3510 Livio
938 3460 1025 3509 lib.
1047 3473 1136 3508 ιιι.
1204 3458 1290 3508 lta

217 3539 474 3589 Consules
498 3537 710 3602 ubique,
727 3538 802 3586 ita
831 3543 886 3586 et
917 3537 1286 3600 Imperatores.

213 3613 320 3664 Isti
349 3620 519 3661 autem
557 3613 745 3661 lictores
777 3619 832 3660 et
861 3611 1137 3675 aliquando
1167 3625 1290 3661 sum

215 3695 422 3740 motor-es
443 3688 590 3749 dicti,
624 3703 688 3736 eo
711 3687 848 3752 quod
871 3701 1046 3735 eornm
1069 3684 1288 3735 officium

218 3773 380 3825 esset,
426 3763 630 3812 turbam
677 3771 732 3811 et
785 3763 912 3812 alios
957 3777 1288 3827 quoscunque

219 3853 565 3888 summovere.
633 3839 744 3888 Liv.
770 3851 854 3886 ιιι.
877 3842 959 3886 45.
984 3845 1038 3887 et
1057 3842 1141 3887 48.
1177 3846 1230 3885 et
1253 3837 1288 3885 l.

217 3928 344 3964 vni.
365 3918 448 3964 88.
488 3924 544 3963 et
577 3927 704 3963 xtv.
738 3919 819 3963 29.
856 3927 958 3978 quo
981 3915 1034 3961 in
1056 3914 1170 3962 loco
1195 3925 1288 3976 pro

217 3989 517 4050 motor-e,
573 3990 962 4054 intelligendum
1035 3989 1290 4049 lictorem,

219 4081 324 4118 non
351 4067 684 4116 dubitandum
713 4067 792 4116 vel
819 4073 1034 4129 propter
1056 4065 1216 4117 verba
1253 4067 1288 4114 l.

221 4157 430 4194 xxvm.
451 4147 534 4192 27.
603 4145 826 4192 accensis
858 4155 1042 4190 munus
1079 4139 1180 4188 fuit
1203 4155 1290 4190 vo-

222 4219 398 4280 candi,
421 4225 477 4268 et
515 4219 580 4268 ab
620 4217 868 4268 acciendo
898 4217 1045 4281 dleti,
1069 4231 1134 4265 ex
1159 4215 1289 4266 Var-

349 4300 529 4364 netps.
555 4303 612 4370 ot⁴
633 4297 751 4350 Var.
775 4297 908 4348 Clas.

1233 4297 1388 4347 Tacit.

1371 1270 1579 1321 quoque
1622 1258 1843 1307 vocandi
1886 1273 2067 1308 munus
2107 1259 2281 1311 fuisse.
2360 1263 2443 1314 At

1372 1334 1628 1397 quomodo
1650 1335 2003 1398 distinguendi
2023 1338 2145 1400 sint,
2168 1351 2269 1388 non
2294 1354 2443 1405 aeque

1370 1408 1719 1461 manifestum.
1802 1413 1915 1475 Ego
1936 1415 2269 1464 statuendum
2294 1422 2441 1480 puto,

1369 1484 1420 1533 in
1443 1485 1545 1534 lioc
1575 1486 1792 1536 Viatores
1828 1489 1893 1537 ab
1928 1486 2153 1539 Aeo-ensis
2174 1489 2441 1557 distingui,

1372 1561 1507 1624 quod
1538 1561 1757 1612 Viatores
1790 1578 1894 1613 non
1928 1565 2082 1614 modo
2103 1567 2324 1615 vocandi
2346 1568 2439 1631 jus

1368 1636 1641 1701 haberent,
1694 1638 1787 1689 sed
1830 1645 1885 1689 et
1940 1642 2153 1703 ligandi.
2238 1643 2443 1703 Accessi

1367 1724 1495 1761 vero
1528 1713 1755 1764 minime.
1818 1715 2015 1765 Verum
2054 1716 2175 1780 quia
2192 1717 2439 1780 Sigonius

1370 1787 1424 1836 id
1467 1796 1649 1851 aperte
1685 1798 1844 1853 negat
1882 1792 1949 1840 de
1980 1792 2101 1855 jure
2136 1793 2297 1857 antiq.
2334 1794 2437 1845 civ.

1370 1866 1521 1916 Rom.
1542 1878 1605 1915 ιι.
1630 1868 1710 1915 15.
1736 1866 1853 1915 ideo
1872 1866 2315 1931 comprobandum
2338 1876 2437 1921 est.

1369 1942 1548 1993 Livius
1568 1956 1654 1993 m.
1676 1949 1725 1993 6.
1768 1950 1827 1994 et
1860 1957 1939 1995 vr.
1966 1950 2044 1995 16.
2082 1952 2139 1995 et
2177 1958 2257 1995 ιι.
2278 1951 2357 1998 10.
2380 1952 2438 1998 et

1367 2031 1442 2069 tv,
1480 2024 1562 2069 14.
1643 2021 1935 2085 Utrobique
1974 2022 2115 2071 enim
2148 2023 2439 2086 appar-etms

1367 2108 1515 2157 voce,
1535 2096 1781 2161 viatorem,
1804 2112 2110 2163 omnemque
2134 2099 2307 2161 alium,
2346 2101 2437 2165 qui

1367 2170 1561 2233 ligandi
1605 2174 1697 2235 jus
1750 2174 1986 2237 baberet,
2038 2174 2437 2238 intelligendum

1365 2260 1467 2294 non
1492 2247 1690 2297 dubito.
1756 2250 1903 2298 Sicut
1926 2262 2013 2299 m.
2036 2253 2118 2299 88.
2160 2250 2227 2299 de
2273 2250 2437 2299 Viato-

1363 2321 1497 2369 ribus
1550 2322 1997 2385 interpretandum
2048 2325 2281 2388 conjicio.
2362 2323 2437 2375 At

1367 2397 1553 2447 Cicero
1572 2412 1773 2446 omnem
1796 2411 2039 2463 scrupum
2076 2399 2256 2462 demit,
2278 2413 2436 2464 quum

1365 2473 1440 2523 ait
1476 2475 1529 2523 in
1564 2475 1864 2524 Vatinium:
1918 2477 1933 2504 ‘
1960 2475 2233 2524 Miserisne
2268 2477 2437 2524 viato-

1367 2563 1493 2611 rem,
1516 2550 1604 2614 qui
1632 2551 1708 2599 Μ.
1735 2550 1977 2600 Bibulum
2000 2553 2051 2601 vi
2074 2551 2227 2602 domo
2260 2559 2437 2602 extra·

1361 2625 1511 2674 lieret
1526 2626 1561 2673 ?’
1626 2627 1812 2690 Itaque
1844 2641 1999 2692 quum
2043 2629 2255 2678 Viatores
2274 2627 2437 2679 facul-

1363 2708 1525 2750 tatem
1579 2701 1831 2751 haberent
1872 2703 2086 2767 ligandi,
2130 2705 2183 2754 in
2227 2704 2325 2754 hoc
2368 2703 2435 2753 ab

1363 2777 1586 2825 Accensis
1604 2777 2055 2842 distinguebantur
2076 2797 2089 2839 ς
2121 2780 2321 2829 Accessi
2344 2793 2437 2828 ve-

1365 2865 1424 2899 ro
1445 2865 1477 2899 a
1506 2851 1781 2900 Victoribus
1798 2855 1899 2901 alia
1920 2851 2215 2902 differentia
2238 2855 2437 2904 discer-

1363 2933 1557 2976 nuntur
1579 2943 1591 2974 ε
1627 2939 1849 2990 namque
1869 2926 2069 2976 Accessi
2092 2941 2275 2991 munus
2296 2935 2429 2993 erat,

1363 3001 1521 3050 etiam
1574 3001 1789 3050 meridie
1844 3002 2169 3052 conclamare
2220 3003 2433 3067 populo,

1363 3079 1501 3142 quod
1534 3077 1753 3127 Viatores
1772 3091 1873 3126 non
1892 3073 2174 3127 faciebant.
2258 3079 2323 3128 Id
2345 3093 2433 3129 au·-

1366 3161 1469 3202 tem
1509 3158 1717 3202 constat
1738 3166 1803 3202 ex
1826 3155 2058 3202 Varrone
2094 3154 2213 3204 loco
2251 3155 2435 3206 citato.

1363 3230 1436 3279 Et
1466 3229 1604 3278 Plin.
1636 3240 1741 3278 vu.
1764 3234 1814 3277 6.
1846 3229 2065 3279 Viatores
2082 3238 2173 3279 aut
2198 3229 2433 3294 proprios

1362 3303 1521 3353 fuisse
1558 3304 1905 3354 Tribunornm
1941 3307 2014 3367 pl.
2054 3306 2207 3355 sicuti
2246 3307 2435 3355 lictores

1363 3381 1641 3430 Consulum
1684 3381 2005 3430 existimavit
2051 3382 2283 3446 plurimrs
2330 3383 2435 3432 lec·

1365 3455 1517 3505 tionis
1562 3456 1673 3518 vir,'
1712 3456 1945 3506 Andreas
1986 3457 2307 3522 Tiraquellus
2364 3457 2431 3506 ad

1363 3532 1737 3595 Alexandrum,
1770 3539 1937 3582 motus
1960 3535 2273 3583 auctoritate
2290 3533 2433 3582 Livii

1362 3613 1525 3658 moe.
1547 3621 1647 3670 qua
1670 3615 1844 3657 tamen
1879 3607 1934 3655 in
1970 3621 2027 3655 re
2066 3621 2182 3656 eum
2216 3606 2433 3656 halluci-

1364 3688 1541 3730 natum
1566 3697 1669 3731 non
1692 3683 1875 3731 dubito
1895 3697 1909 3729 ε
1960 3695 2179 3745 namque
2200 3695 2307 3730 non
2326 3696 2433 3730 mu.-

1363 3756 1432 3806 do
1454 3757 1671 3806 Tribuni
1696 3758 1765 3820 pl.
1800 3755 1893 3805 sed
1913 3763 1968 3805 et
1991 3757 2079 3804 alii
2096 3757 2429 3819 magistratus

1361 3833 1569 3881 viatores
1587 3833 1835 3894 habuere,
1867 3831 2054 3895 quibus
2091 3832 2313 3881 vocandi
2338 3832 2428 3894 jus

1363 3907 1481 3956 fuit.
1572 3910 1657 3956 De
1700 3908 1895 3956 Senatu
1936 3913 2139 3957 constat
2184 3921 2251 3956 ex
2290 3908 2430 3958 Plin.

1363 3999 1525 4034 xvm.
1550 3991 1600 4034 3.
1636 3986 1717 4034 De
1734 3984 2028 4034 consulibus
2050 3985 2174 4034 nulli
2198 3985 2429 4035 dubium.

1361 4064 1451 4111 De
1477 4061 1727 4111 AEdilibus
1766 4069 1913 4123 patet
1946 4075 2013 4110 ex
2046 4061 2191 4109 Livio
2230 4062 2264 4110 l.
2288 4073 2429 4111 xxx.

1363 4139 1547 4188 Scriba·
1584 4139 1887 4200 viatoresque
1926 4137 2168 4187 AEdiliot'i.
2246 4137 2427 4189 Roma

1363 4216 1418 4264 in
1439 4215 1663 4266 Basilica
1695 4214 1873 4266 Sancti
1901 4213 2051 4264 Petri
2088 4213 2143 4262 in
2172 4213 2429 4266 Vaticano
