2897 4742
477 293 678 376 30⁰6-

485 451 700 504 Vitellio
719 467 837 518 cap.
863 458 943 505 1⁵.
967 453 1143 503 vocari
1167 451 1377 502 videtur
1415 452 1553 502 Tibe-

481 531 830 580 muamus.-
863 536 1143 594 potuerunt
1182 537 1354 578 tamen
1401 529 1551 578 simul

485 604 789 666 habitasse3
865 607 955 655 sed
1011 621 1113 656 non
1171 607 1289 655 ideo
1343 620 1552 670 qnoque

475 681 894 732 -transformanda
943 689 1059 733 erat
1099 684 1272 733 Taciti
1315 684 1551 747 scriptio,

480 773 638 826 quum
662 774 725 808 ea
746 761 896 824 longe
921 761 1168 824 majorem
1197 761 1416 810 haberet
1439 757 1549 808 effi-

479 834 698 898 caciam.
757 837 979 886 Freinsh.

550 911 769 962 Tiberius
809 915 1017 962 civiliter
1056 911 1245 974 habuit]
1291 911 1515 962 Ovidius
1533 929 1549 961 z

479 987 498 1017 ‘
521 988 749 1040 Exercet
774 1004 1046 1051 memores,
1082 989 1355 1052 plusquam
1383 987 1549 1038 civili-

479 1069 568 1114 ter
589 1065 728 1114 iras.'
777 1065 914 1114 Vide
936 1079 1052 1128 quoe
1071 1065 1137 1112 ad
1161 1065 1252 1113 lib.
1276 1075 1314 1114 ι.
1333 1062 1550 1113 adnota-

475 1139 659 1191 vimus.
723 1142 959 1190 Muretus.

548 1217 760 1266 Etiamsi
781 1218 980 1280 impetn
1016 1215 1312 1280 offensionis]
1343 1215 1406 1266 ln
1427 1229 1549 1264 ean·

477 1291 598 1342 dem
641 1294 962 1343 sententiam
1022 1293 1235 1341 Homer.
1291 1290 1445 1340 Iliad.
1487 1295 1545 1338 Α.

477 1383 555 1418 VS.
595 1373 676 1419 81.
731 1369 874 1432 Εἴπερ
917 1365 1015 1432 ’γάρ
1061 1385 1118 1418 ‘rc
1176 1364 1406 1428 χόλον-γε,
1446 1368 1545 1416 &c-

477 1443 534 1493 id
573 1451 674 1505 est,
705 1445 720 1472 ‘
742 1447 876 1494 Nam
914 1457 1208 1508 quanquam
1242 1443 1296 1490 in
1320 1456 1547 1504 praesens

477 1520 758 1571 violentem
802 1520 1076 1584 concoquit
1110 1519 1260 1578 iram,
1309 1515 1545 1580 Concep-

478 1602 585 1646 tam
611 1602 784 1646 tamen
811 1597 948 1644 illam
981 1595 1085 1644 alta
1119 1593 1214 1642 sub
1253 1601 1431 1642 mente
1466 1607 1546 1641 re-

477 1671 701 1722 condit.'
747 1672 898 1722 Idem.

549 1747 854 1810 Pisonemque
887 1745 1107 1809 gravius]
1173 1745 1424 1795 Mendum
1466 1760 1544 1795 ar·

477 1829 646 1886 guunt
662 1823 842 1872 multa.
911 1823 1160 1884 Primum,
1180 1822 1316 1886 quod
1338 1836 1546 1872 accusa·

474 1903 566 1948 tor
584 1913 734 1948 nemo
775 1913 1070 1962 expressus,
1104 1906 1162 1948 ut
1205 1899 1367 1947 solet:
1405 1899 1545 1963 quod

474 1973 709 2024 Tiberius
751 1975 866 2038 ipse
897 1975 1162 2023 incusassc
1193 1987 1312 2022 eum
1333 1973 1545 2037 dicitur,

461 2054 702 2103 -insolens
719 2054 1062 2118 Imperatori:
1089 2055 1227 2119 quod
1252 2069 1370 2117 pars
1391 2069 1543 2103 accu-

473 2130 690 2180 sationis
723 2137 902 2194 spreta
961 2131 1170 2192 dicitur,
1215 2137 1274 2179 ut
1317 2130 1543 2180 atrocior

473 2221 632 2258 vero:
681 2207 820 2272 quod
861 2221 966 2256 non
1001 2206 1261 2256 evenisset
1293 2205 1545 2269 Principe

475 2289 772 2332 accusante.
841 2283 926 2332 Ne
967 2281 1082 2346 quis
1118 2279 1262 2329 dicat
1293 2293 1396 2328 non
1420 2280 1542 2341 legi·

473 2358 649 2407 timam
687 2358 1074 2408 accusationem
1119 2355 1295 2419 fuisse,
1341 2361 1539 2405 tantum

473 2434 737 2496 Principis
798 2431 1144 2482 mandatum:
1200 2445 1326 2479 ecce
1378 2430 1543 2493 addit,

475 2509 748 2559 Cetei-onem
767 2512 979 2571 receptus
1014 2511 1084 2556 est
1102 2520 1227 2565 reus,
1257 2520 1403 2570 nsque
1431 2521 1539 2569 per·

467 2588 602 2644 uetus
621 2583 678 2633 ob
707 2588 906 2633 monem
937 2586 1262 2645 opportunam.
1327 2580 1404 2631 At
1421 2596 1540 2631 reus

467 2659 636 2722 recipi
679 2659 789 2708 sine
835 2664 1138 2707 accusatore
1191 2671 1296 2705 non
1347 2658 1537 2720 potuit.

467 2734 612 2798 Lego
663 2734 844 2797 igitur,
911 2734 1130 2784 Pisonem
1166 2734 1231 2789 Q.
1271 2734 1537 2785 Granius!

468 2812 696 2876 Lipsius:

537 2888 842 2951 Pisonemque
864 2884 1086 2950 panias]
1149 2889 1278 2952 Leg.
1321 2887 1537 2939 Pisonen

471 2966 536 3020 Q.
563 2964 791 3014 Granius.
827 2965 1084 3013 Muretus.
1129 2963 1335 3027 Lipsius
1357 2964 1432 3014 ita
1456 2980 1535 3014 re·

467 3040 683 3091 stituit:
745 3040 964 3091 Pisonem
1006 3041 1066 3096 Q.
1113 3040 1342 3090 Granius.
1409 3042 1535 3091 Cor·

471 3125 626 3180 rupte
665 3123 822 3166 autea
863 3124 919 3167 et
972 3116 1181 3180 insulse,
1225 3116 1535 3181 Pisonemque

461 3191 679 3253 flarius.
741 3191 993 3241 Pichena.

533 3266 760 3315 Relatum
795 3271 842 3315 et
879 3268 937 3315 de
983 3268 1146 3316 Cassio
1189 3268 1382 3331 Severo]
1447 3268 1536 3318 De

463 3339 582 3403 ejus
653 3341 860 3405 ingenio
925 3342 1180 3393 videndus
1233 3344 1430 3394 Seneca
1481 3345 1535 3393 iu

465 3417 675 3483 praefat.
709 3419 800 3467 lib.
830 3433 914 3468 m.
951 3421 1196 3469 controv.
1239 3422 1396 3473 Hunc
1431 3425 1536 3488 pri·

463 3506 604 3542 mum
623 3492 880 3544 affirmant
903 3492 1114 3545 flexisse
1139 3497 1204 3546 ab
1237 3497 1327 3546 illa
1355 3508 1533 3551 vetere

464 3576 622 3633 atque
645 3569 842 3619 directa
881 3569 1089 3620 dicendi
1129 3573 1233 3635 via,
1267 3588 1370 3623 non
1393 3576 1531 3626 infir·

461 3648 647 3699 mitate
671 3648 881 3711 ingenii,
901 3648 992 3697 sed
1015 3650 1220 3712 judicii.
1289 3654 1392 3703 Hic
1419 3669 1533 3705 nos-

463 3732 564 3785 ter,
582 3738 674 3774 seu
697 3724 889 3773 Fabius
913 3724 964 3773 in
995 3726 1217 3788 Dialogo
1252 3728 1320 3778 de
1344 3728 1533 3795 Oratsp,

461 3800 560 3849 rib.
625 3801 848 3863 Scripsit
891 3809 949 3849 et
991 3801 1265 3854 Historias.
1329 3806 1529 3856 Tertul-

459 3876 623 3925 lianus
651 3877 704 3925 in
745 3876 1108 3941 Apologetico.
1171 3880 1453 3931 Suetonius
1474 3883 1527 3931 in

461 3952 696 4001 Vitellio.
734 3952 970 4001 Muretus.

529 4026 628 4076 Per
647 4028 922 4078 immdicus
949 4028 1250 4091 inimicitius]
1311 4030 1529 4093 Suspec-

459 4106 587 4151 tum.
645 4102 861 4165 [Apsias.

525 4176 628 4227 Per
638 4176 912 4229 inmodicas
927 4178 1229 4244 inimicitius]
1261 4178 1292 4209 ⁴·
1309 4180 1530 4245 Suspec-

1182 309 1398 360 1101·AE
1443 307 1845 358 vAmole
1902 309 1979 360 m

1624 459 1731 502 tum
1754 461 1836 503 est
1870 453 1997 502 viris
2034 452 2233 516 maguis
2252 451 2381 502 illud
2411 448 2719 502 &ateis-'n

1621 529 1795 579 forsan
1848 532 1958 579 sine
2022 544 2179 580 causa
2232 528 2415 578 solida.
2500 528 2713 592 Ecquis

1622 608 1757 655 enim
1778 617 1879 664 est,
1904 607 1989 670 qui
2014 621 2116 655 non
2136 608 2311 654 statim
2344 603 2522 653 oderit
2538 604 2718 654 homi·

1622 699 1740 732 num
1784 685 1883 733 ista
1906 683 2285 741 mendicabula,
2306 682 2497 730 canino
2510 694 2607 730 ore
2630 694 2705 730 ae

1622 760 1779 810 dente
1802 761 2193 822 impetentiaac
2232 759 2519 808 lacer-antia
2558 758 2707 821 opti·

1618 850 1757 885 mum
1779 837 2067 900 quemque?
2100 849 2223 884 sane
2262 841 2319 883 et
2359 835 2493 883 tales
2516 832 2712 884 formi-

1621 911 1819 960 dabiles
1845 912 2058 960 Senatui
2096 911 2218 973 ipsi,
2254 911 2489 973 pluribus
2524 917 2708 961 osten·

1621 987 1821 1050 derem,
1843 989 1943 1037 nisi
1982 987 2033 1036 id
2058 987 2255 1052 liquido
2274 987 2397 1036 satis
2419 987 2487 1034 ob
2510 987 2707 1034 oculos

1621 1071 1837 1128 poneret
1856 1064 2009 1114 unica
2042 1063 2257 1113 historia
2280 1062 2468 1111 Taciti.
2538 1061 2707 1112 Unde

1620 1141 1777 1189 etiam
1798 1139 2015 1200 accidit,
2036 1146 2095 1188 ut
2114 1139 2319 1203 quoties
2352 1139 2477 1188 data
2494 1154 2529 1188 a
2552 1139 2711 1201 prin-

1619 1216 1736 1280 cipe
1756 1216 1961 1266 occasio
2001 1214 2340 1264 subvertendi
2364 1215 2511 1276 istos,
2552 1216 2701 1264 laetis

1618 1292 1674 1341 id
1696 1294 1853 1342 etiarn
1889 1291 2071 1341 animis
2110 1291 2471 1352 praestiterint.
2544 1291 2709 1342 Fidei

1618 1383 1777 1418 causa
1800 1368 2008 1418 adnoto.
2074 1368 2213 1417 Ann.
2256 1367 2343 1416 lib.
2388 1380 2471 1415 tv.
2510 1371 2599 1416 ⁵11.
2638 1375 2703 1417 et

1618 1443 1758 1495 Anu.
1798 1458 1870 1493 vr.
1916 1449 1967 1492 4.
2006 1451 2061 1492 et
2099 1447 2179 1493 ιθ.
2214 1450 2271 1492 et
2309 1443 2399 1492 lib.
2436 1457 2569 1493 xru.
2608 1447 2701 1494 ⁴2.

1620 1523 1755 1572 Nam
1786 1522 1923 1571 haud
1963 1535 2170 1585 semper
2189 1522 2389 1570 licuisse
2411 1523 2491 1570 uti
2514 1522 2573 1570 in
2596 1521 2699 1572 lios

1617 1601 1737 1648 stilo
1760 1599 2073 1660 decretorio,
2096 1601 2227 1648 bene
2252 1600 2450 1650 monuit
2469 1599 2699 1649 Tacitus

1616 1674 1755 1726 Anu.
1806 1688 1881 1725 tv.
1912 1679 1997 1724 w.
2054 1676 2307 1724 Gruterus.
2376 1678 2697 1739 Suspectum

1616 1750 1672 1800 id
1694 1751 1807 1800 viro
1829 1751 2145 1813 doctissimo,
2166 1765 2265 1802 nec
2286 1752 2357 1801 ob
2386 1767 2541 1817 quam
2568 1766 2701 1802 cau·

1616 1843 1726 1878 sam
1770 1830 1847 1878 ira
1884 1829 1973 1889 sit,
2016 1828 2231 1878 indicat.
2318 1829 2430 1892 Ego
2474 1828 2697 1893 quidem

1614 1905 1809 1954 nullam
1852 1904 2024 1964 video,
2066 1918 2185 1952 cum
2216 1903 2287 1952 sit
2330 1903 2431 1952 iste
2456 1901 2699 1964 Cassius,

1616 1981 1760 2044 cujus
1814 1980 2077 2044 ingenium
2134 1979 2415 2028 violentum
2468 1985 2697 2028 notatur

1616 2056 1773 2106 etiam
1806 2071 1873 2106 ex
1917 2055 2122 2118 dialogo
2158 2055 2225 2103 de
2259 2053 2475 2104 Orator.
2513 2069 2563 2102 c.
2602 2057 2691 2104 26.

1616 2138 1727 2182 tum
1744 2133 1807 2182 iis
1838 2145 1953 2197 qun
1988 2131 2203 2194 collegit
2240 2129 2481 2179 Andreas
2500 2128 2694 2179 Schot-

1616 2213 1698 2256 tus
1718 2207 1769 2256 in
1792 2207 1973 2256 libello
1993 2207 2061 2255 de
2080 2206 2233 2255 claris
2264 2203 2403 2268 apud
2424 2205 2691 2254 Senecam

1612 2283 1944 2334 Rhetoribus.
2010 2282 2269 2330 Plurimos
2306 2295 2433 2344 ergo
2464 2295 2687 2330 accusa-

1616 2360 1709 2423 vit,
1744 2366 1801 2409 et
1837 2374 2045 2423 prorsus
2080 2358 2195 2409 sine
2228 2356 2401 2418 modo,
2436 2371 2559 2407 cnm
2586 2371 2689 2409 nec

1613 2449 1740 2497 opes
1755 2436 2077 2498 cujusquam,
2090 2448 2187 2483 uec
2206 2434 2521 2496 dignitatem
2540 2448 2689 2485 vere-

1612 2517 1777 2571 retur,
1817 2525 1911 2560 suo
1930 2510 2137 2573 ingenio
2158 2509 2311 2558 dicax
2342 2517 2401 2559 et
2440 2508 2690 2575 acerbus,

1612 2586 1799 2650 quibus
1842 2586 1995 2635 rebus
2030 2586 2191 2635 etiam
2224 2585 2276 2633 iu
2320 2584 2478 2633 exilio
2518 2599 2682 2635 novos

1613 2662 1842 2713 inimicos
1861 2662 1957 2713 sibi
1980 2662 2274 2723 suscitavit,
2294 2662 2383 2726 qui
2404 2660 2559 2725 hujus
2578 2662 2683 2713 loci

1612 2752 1793 2788 seusus
1808 2746 1906 2789 est.
1964 2738 2183 2787 Freiaab.

1674 2814 1809 2865 Saxo
1828 2814 2071 2877 Seriphio]
2118 2813 2365 2863 Fabulam
2388 2812 2456 2863 de
2479 2812 2683 2865 Perseo

1608 2891 1728 2953 lege
1749 2890 1889 2955 apud
1924 2890 2231 2939 Strabonem
2265 2888 2331 2938 ad
2366 2888 2521 2939 finem
2560 2891 2601 2941 l.
2625 2904 2683 2943 x.

1606 2984 1726 3034 quae
1772 2970 1907 3019 hunc
1950 2969 2117 3019 locum
2160 2966 2381 3018 mirifice
2424 2968 2683 3019 illustrat.

1606 3046 1845 3097 Muretus.
2184 3068 2197 3079 ·

1672 3121 1809 3171 Cu».
1832 3126 1915 3171 22.
1950 3121 2172 3171 Plautius
2192 3120 2438 3184 Silvanus]
2478 3120 2682 3171 Similis

1608 3201 1663 3245 at
1682 3210 1786 3245 non
1810 3197 1988 3247 eadem
2012 3212 2115 3261 res,
2144 3200 2245 3247 dte.
2269 3197 2299 3227 ⁸
2332 3198 2419 3248 De
2440 3198 2541 3249 hoc
2560 3199 2681 3263 ipso

1607 3278 1781 3321 autem
1803 3273 2015 3324 Plautio
2036 3274 2169 3337 lapis
2190 3291 2205 3323 ε

1668 3360 1747 3399 τι.
1782 3362 2039 3399 nav-no.
2074 3364 2136 3401 ns.
2171 3364 2222 3400 ιτ.
2258 3364 2322 3401 ss.
2356 3364 2413 3401 u.

1670 3436 1922 3475 unvano.
1954 3437 2179 3475 ΔιιιΑκο

1671 3512 1892 3549 romu.
1924 3512 2139 3549 sonan.
2172 3512 2479 3551 Avuvsrsu

1668 3588 1755 3626 ιιι.
1787 3588 1901 3625 vm.
1936 3588 1989 3625 Α.
2020 3588 2075 3625 Α.
2108 3587 2161 3627 Α.
2194 3590 2245 3627 Β.
2278 3590 2328 3625 r.
2362 3589 2416 3630 α.
2448 3588 2531 3627 τι.
2565 3588 2676 3630 cn-

1734 3666 1885 3702 ssms
2234 3700 2242 3707 .

1670 3740 1794 3776 auu.
1832 3740 1955 3779 nm.
1990 3742 2047 3778 v·
2080 3742 2161 3778 m.
2198 3742 2521 3780 naamis.

1604 3802 1669 3851 Id
1690 3810 1790 3862 est,
1810 3804 2075 3853 Triumsiro
2096 3820 2211 3853 uum
2224 3810 2423 3866 argento
2444 3804 2679 3868 ‹ev-istun-

1601 3878 1661 3925 do
1680 3876 1930 3940 ser-ianas,
1965 3880 2201 3935 Quaestori
2228 3879 2409 3928 Tiberii
2434 3880 2561 3931 Caes.
2582 3880 2677 3929 Le·

1597 3958 1713 4014 gato
1729 3953 1955 4015 Legionis
1973 3956 2169 4017 quintoe.
2236 3954 2461 4018 Lipsius.

1670 4028 1889 4079 Plautius
1911 4030 2155 4092 Silvanus]
2208 4031 2363 4093 Lapis
2402 4046 2560 4096 quem
2596 4047 2676 4082 re·

1602 4104 1723 4154 tulit
1766 4104 2139 4155 eruditissimus
2176 4106 2401 4169 Lipsius,
2445 4122 2551 4157 non
2594 4116 2676 4160 est

1600 4181 1668 4232 de
1689 4180 1787 4231 hoc
1816 4181 2040 4234 Silvano.
2106 4182 2243 4233 Nam
2260 4182 2315 4233 in
2336 4196 2401 4235 oo
2430 4182 2677 4237 Plautius
