2897 4742
740 312 889 362 ιιι.
935 296 1040 362 vr.
1087 313 1254 362 cu.
1297 297 1364 362 6.
1411 312 1854 362 ANNALIUM.

175 458 276 502 aut
301 467 344 504 a
367 451 532 522 bustis
551 451 766 504 dilutior
787 451 964 502 redis!
1033 451 1180 502 Idem
1197 453 1262 502 de

172 529 596 580 Rauuoetione
615 531 782 578 carnis
803 545 816 578 :
839 531 855 557 ³
881 528 956 578 At
978 543 1074 592 ego
1097 529 1260 592 magis

169 605 376 658 ridebo
399 609 581 670 vulgus
603 615 726 656 tunc
747 621 952 672 quoque
981 622 1096 655 cum
1121 607 1260 670 ipsos

173 679 474 731 defunctos
524 683 848 732 atrocissime
895 682 1088 742 exurit,
1132 697 1260 745 quos

169 759 526 822 postmodum
562 760 884 822 gulosissime
928 758 1120 806 nutrit:
1175 757 1261 806 iis-

171 833 306 882 dem
333 835 543 898 ignibus
579 843 634 885 et
672 850 967 899 promerens
1004 843 1060 884 et
1099 831 1261 883 offen-

173 909 360 961 dens)
426 914 558 962 Eam
586 921 738 963 vocat
776 912 1086 976 Appuleius,
1109 914 1208 962 διο.
1230 910 1260 940 ‘

172 989 384 1039 lentem
404 996 460 1038 et
481 989 666 1038 libum.
730 989 868 1038 Sane
903 996 1074 1037 certos
1111 1002 1261 1052 quos·

175 1064 308 1114 dam
349 1065 495 1114 cibos
523 1067 761 1128 proprios
781 1063 938 1114 fuisse
977 1064 1098 1113 huic
1129 1079 1261 1113 mor·-

175 1141 316 1190 tutti
342 1155 522 1204 caenae,
539 1141 694 1191 docet
713 1141 869 1190 etiam
889 1141 1181 1204 xiphilinus
1205 1141 1258 1188 in

175 1217 526 1278 Domitianos
557 1217 645 1266 ubi
668 1218 738 1268 de
773 1217 1012 1266 simulato
1048 1217 1138 1266 illo
1181 1230 1260 1264 se-

176 1293 412 1356 pulcrali
436 1295 627 1357 epulo:
663 1292 756 1342 Καὶ
795 1292 918 1354 μετὰ
944 1293 1087 1340 τοῦτο
1123 1289 1258 1340 πάνθ’

177 1367 276 1417 ὅσα
303 1387 396 1432 περ
419 1370 471 1416 ἐν
498 1373 598 1418 τοῖς
621 1368 902 1430 &verteme
934 1367 1262 1430 καθαγίζεται,

179 1444 260 1494 καὶ
311 1445 508 1496 ἐκείνοις
545 1444 730 1508 μέλανα
766 1447 817 1495 ἐν
857 1445 1073 1496 σκεύεσιν
1094 1443 1260 1506 ὁμοίως

177 1519 508 1584 προηνέχθη.
542 1524 696 1572 Hauc
720 1537 915 1572 caenam
932 1522 1260 1572 silicernium

177 1606 448 1660 vocatam,
471 1599 666 1648 docent
705 1598 924 1659 Nonius,
961 1598 1166 1656 Festus,
1205 1601 1263 1645 et

178 1673 570 1722 Tertullianus:
604 1675 620 1702 ‘
645 1673 763 1726 Quo
785 1672 959 1724 differt
997 1673 1063 1722 ab
1104 1675 1262 1738 epulo

179 1747 334 1799 Jovis
357 1749 714 1798 silicerniumi
745 1765 776 1798 a
798 1749 1052 1813 simpuvio
1094 1751 1260 1800 obba?

179 1823 250 1872 ab
285 1824 530 1888 aruspice
566 1824 844 1887 pollinctor
859 1823 895 1873 ?'
964 1824 1122 1875 Hunc
1152 1841 1260 1876 mo·

181 1914 298 1949 rem
343 1901 592 1948 transisse
636 1899 702 1952 ud
737 1899 1059 1949 Christianos
1101 1903 1260 1952 etiam

181 1977 516 2041 Augustinus
538 1982 716 2026 narrat
733 1983 790 2025 et
817 1977 1004 2025 leviter
1028 1986 1262 2041 excusat,

181 2052 276 2102 De
300 2052 452 2102 civit.
475 2052 582 2102 Dei
605 2051 640 2100 l.
665 2064 744 2100 tx.
777 2065 822 2099 c.
847 2049 944 2100 ult.
967 2053 983 2078 ‘
1015 2052 1261 2103 Quicum·

184 2131 324 2194 que,’
339 2130 556 2194 inquiu‘
571 2130 754 2193 epulas
772 2143 890 2178 suas
905 2143 968 2178 eo
983 2129 1072 2193 [ad
1092 2131 1261 2193 sepul-

183 2209 314 2257 chra
335 2204 651 2270 martyrum]
676 2203 950 2254 deferunt:
986 2206 1125 2269 quod
1149 2206 1262 2270 qui·

185 2285 308 2336 dem
350 2301 384 2334 a
409 2283 714 2335 Christianis
737 2283 1036 2332 melioribus
1059 2298 1158 2332 non
1182 2284 1260 2346 fit,

185 2369 242 2411 et
281 2361 338 2411 in
381 2363 644 2426 plerisque
668 2359 818 2411 terris
857 2361 1000 2411 nulla
1021 2366 1102 2409 est
1141 2360 1262 2412 talis

187 2436 514 2489 consuetudo
535 2454 548 2487 :
573 2444 748 2487 tamen
769 2436 1084 2501 quicumque
1107 2437 1161 2486 id
1184 2436 1259 2486 fa·

187 2516 354 2573 ciunt,
379 2528 468 2563 eas
492 2528 608 2562 cum
632 2512 988 2575 apposuerint,
1012 2519 1183 2575 orant,
1205 2518 1262 2563 et

187 2588 438 2639 auferunt
481 2596 540 2637 ut
583 2587 897 2637 vescantur?
981 2589 1053 2637 Et
1100 2588 1134 2637 l.
1186 2603 1260 2639 vt.

187 2664 423 2715 Confess.
443 2680 492 2713 c.
519 2668 600 2713 11.
635 2664 700 2713 de
733 2670 897 2713 matre
925 2676 1050 2711 sua=
1086 2665 1101 2692 ‘
1129 2664 1260 2713 Cum

189 2742 253 2791 ad
314 2742 596 2791 memorias
653 2746 964 2803 sanctorum,
1017 2740 1154 2789 sicut
1208 2741 1260 2790 in

191 2818 379 2869 Africa
399 2819 556 2880 solet,
579 2818 768 2882 pultes,
787 2824 844 2868 et
878 2832 1062 2881 panem
1080 2825 1136 2867 et
1161 2831 1262 2867 me-

190 2908 304 2945 rum
327 2892 628 2944 attulisset!
686 2892 852 2941 Addit
873 2908 1013 2955 mox,
1037 2892 1258 2943 vetitum

189 2970 255 3021 ab
301 2970 602 3027 Ambrosio,
633 2970 648 2997 ‘
675 2968 812 3034 quod
847 2969 935 3018 illa
973 2970 1263 3032 parentalia

191 3044 551 3109 superstitioni
595 3046 824 3108 gentium
875 3050 1051 3093 essent
1105 3045 1262 3093 simil-

191 3120 347 3171 lhna!
413 3120 832 3169 Paullinilocum
875 3118 994 3168 huic
1029 3120 1106 3169 rei
1143 3120 1261 3170 sub·

193 3204 336 3261 texo,
361 3198 416 3251 in
439 3197 628 3247 Felicis
651 3196 832 3247 Natali
855 3209 934 3246 tx.
955 3198 970 3224 ‘
994 3196 1263 3259 ignoscen-

195 3276 256 3326 da
285 3287 464 3327 tamen
503 3282 631 3339 puto
676 3276 816 3338 talia,
851 3274 1024 3337 parvis
1058 3274 1264 3325 Gaudia

195 3370 304 3419 quae
329 3356 538 3402 ducunt
555 3352 742 3415 epulis,
761 3352 881 3415 quia
901 3351 1161 3401 mentibus
1183 3365 1264 3401 ετ..

197 3445 280 3480 ror
297 3431 511 3493 Inrepit
534 3428 748 3479 rudibus
770 3444 783 3477 :
822 3443 919 3479 nec
955 3434 1120 3477 tantm
1143 3443 1266 3478 con-

197 3509 302 3557 scia
323 3508 498 3569 culpae
520 3504 838 3569 Simplicitas
877 3506 1076 3567 pietate
1100 3504 1270 3567 cadit,

195 3584 328 3634 male
349 3581 567 3633 credula
587 3588 794 3630 sanctos
813 3580 1042 3629 Perfusis
1061 3580 1266 3631 halante

197 3674 337 3711 meru
364 3658 598 3723 gaudere
621 3656 910 3721 sepulcris!
973 3656 1081 3705 Ubi
1115 3656 1266 3705 rusti-⁴

199 3739 338 3788 culos
357 3751 482 3785 suos
505 3734 556 3783 in
581 3734 740 3783 Italia
759 3738 990 3795 excusat,
1027 3732 1164 3797 quod
1189 3732 1266 3781 usi

199 3815 276 3863 vel
315 3811 489 3873 abusi,
513 3824 607 3873 per
651 3808 1057 3872 simplicitatem,
1100 3808 1265 3863 veteri

201 3888 630 3952 gentiliumvmore
653 3884 718 3933 ad
743 3883 1072 3945 sepulchrum
1095 3884 1263 3946 ipsum

201 3966 266 4017 1).
291 3962 497 4015 Felicis.
552 3952 767 4025 Legam,
779 3961 959 4024 pietate
979 3964 1127 4011 caret.
1179 3959 1264 4008 Ad

203 4054 286 4090 eas
319 4052 449 4103 ergo
493 4036 868 4098 novemdiales‚
903 4040 1002 4085 διε.
1057 4035 1087 4065 ·
1144 4042 1264 4099 post

204 4124 428 4179 stragem
449 4114 646 4182 Sejani.
688 4115 809 4164 Non
831 4112 1064 4162 absimile
1089 4112 1264 4161 Plauti

201 4191 326 4245 illud
343 4208 362 4244 a
395 4190 412 4221 ‘
439 4190 614 4243 Cocus
631 4190 722 4241 ille
751 4186 1047 4241 nundinalis
1077 4192 1178 4251 cst,
1209 4186 1264 4239 in

2226 295 2409 364 39845

1337 467 1527 503 nonum
1547 453 1680 503 diem
1701 453 1849 504 Solet
1862 453 1937 502 ire
1954 451 2194 504 coctum!
2219 453 2281 503 ld
2300 459 2405 516 est,

1337 529 1533 578 Feralis
1574 529 2033 593 novemdialisque‚
2072 535 2125 577 et
2156 529 2243 593 qai
2266 543 2403 578 mor-

1339 607 1438 656 tuis
1463 615 1663 656 tantum
1684 613 1833 668 parat
1850 607 1901 654 in
1920 621 2145 656 caenam:
2172 611 2229 656 ut
2247 605 2403 668 proeit

1337 683 1485 732 nobis
1512 683 1643 732 bene
1662 684 1865 732 Festus.
1932 683 2141 746 Lipsius.

1407 759 1739 809 Nouendiulem
1760 773 1861 808 eum
1880 758 2079 820 conum]
2114 757 2407 808 Nwendiau

1335 849 1521 884 sucrum
1555 843 1670 886 erat
1706 842 2023 884 mortuorum
2044 851 2059 882 z
2106 835 2282 898 itaque
2318 847 2403 884 ac·

1337 919 1550 962 cusatus
1573 910 1693 974 fuit,
1729 911 1865 976 quod
1906 911 2109 959 natales
2144 909 2403 972 Augusta

1337 988 1517 1050 epulas
1538 1002 1717 1036 cenum
1744 991 2027 1036 mortuorum
2060 986 2399 1048 appellasset:

1337 1069 1601 1128 tamquam
1639 1061 1823 1112 fuisset
1858 1063 1901 1111 is
1942 1069 2087 1111 ortus
2126 1059 2304 1110 feralis
2323 1065 2402 1122 at·

1335 1155 1436 1204 que
1461 1139 1759 1188 exitiabilis.
1805 1139 2074 1188 Fert-ettae.

1405 1217 1703 1279 Qua-easque
1752 1217 1811 1266 de
1858 1214 2094 1278 potentia]
2160 1215 2242 1264 Ex
2296 1215 2400 1265 Ms.

1337 1294 1545 1344 restitui
1584 1295 1813 1356 verbum,
1856 1297 2152 1357 querensque.
2210 1293 2403 1355 Vulgo,

1335 1373 1704 1432 quaerentemque.
1790 1371 1959 1420 Recte
2018 1383 2142 1431 ergo
2199 1369 2403 1432 Lipsius

1335 1448 1535 1496 monuit
1556 1447 1875 1509 degendum,
1923 1447 2154 1502 dixissen
2212 1460 2272 1494 ac
2312 1444 2402 1493 de-

1335 1520 1474 1582 inde,
1493 1522 1753 1572 addidisset
1769 1538 1785 1570 .·
1818 1529 1879 1572 ut
1900 1537 1993 1572 nos
2026 1521 2078 1570 in
2116 1527 2265 1570 textu
2286 1534 2404 1568 cor-

1335 1597 1581 1648 reximus.
1614 1599 1756 1648 Male
1779 1605 1956 1660 antea,
1972 1596 2171 1661 dixisse,
2192 1604 2248 1646 et
2269 1596 2405 1645 adda·-

1333 1674 1477 1723 diue.
1536 1674 1777 1724 Pichens.
1840 1713 1855 1724 .

1399 1753 1479 1802 Μ.
1498 1751 1693 1815 Lepidi]
1726 1753 1905 1814 Manii,
1926 1757 1984 1800 ut
2006 1766 2164 1814 saepe.
2196 1751 2331 1812 Lips-

1401 1828 1570 1890 Neque
1592 1833 1759 1876 cuncta
1781 1843 1810 1875 a
1826 1826 2137 1890 primm-ibus]
2169 1825 2256 1874 Sic
2274 1823 2400 1874 fide-

1331 1903 1456 1952 liter
1488 1917 1554 1950 ex
1594 1903 1740 1951 Man.
1776 1911 1948 1951 tamen
1981 1902 2032 1949 in
2070 1901 2288 1964 vulgatis
2322 1915 2405 1952 re-

1337 1979 1561 2042 positum
1602 1977 1733 2028 fuit:
1778 1993 1923 2040 neque
1962 1979 2220 2028 cuneatim.
2287 1977 2405 2027 Pri·

1333 2069 1475 2103 mum
1499 2053 1720 2118 ambigo,
1740 2067 1858 2102 nam
1883 2054 2051 2118 proba
2077 2053 2295 2104 fortasse
2320 2067 2405 2102 ve-

1336 2137 1418 2180 tus
1439 2131 1631 2180 lectio:
1667 2136 1725 2179 ut
1746 2131 2085 2193 intelligatur,
2106 2145 2206 2180 non
2230 2130 2407 2180 omnia

1335 2206 1426 2254 illa
1450 2206 1570 2268 tria,
1596 2221 1711 2270 quae
1734 2205 2034 2254 Messallino
2056 2205 2267 2268 objecta
2289 2204 2401 2253 fue-

1334 2288 1477 2342 runt,
1508 2281 1747 2331 convinci
1787 2297 1817 2328 a
1840 2279 2148 2343 primoribus
2174 2280 2403 2328 civitatis

1334 2357 1577 2421 potuisse.
1654 2356 1757 2407 Sed
1802 2355 2167 2406 antecedentia
2216 2361 2271 2405 et
2324 2369 2407 2407 se-

1335 2434 1550 2499 quentia
1593 2433 1907 2484 contrarium
1965 2432 2183 2481 suadere
2230 2431 2405 2481 viden-

1335 2519 1453 2563 tur:
1506 2513 1683 2577 itaque
1724 2511 1985 2561 levissima
2016 2511 2301 2560 mutatione
2328 2510 2405 2559 le·

1336 2602 1531 2653 geu-em,
1566 2604 1709 2653 eaque
1750 2594 1946 2637 cuncta:
1997 2586 2051 2635 id
2093 2591 2195 2649 est,
2230 2586 2297 2635 de
2342 2586 2403 2633 iis

1336 2666 1541 2717 cunctis
1582 2664 1979 2723 revincebatur;
2018 2662 2199 2711 eadem
2237 2660 2406 2723 figura

1335 2740 1553 2803 dictum,
1575 2755 1677 2803 qua
1718 2740 1871 2803 paulo
1906 2752 2097 2801 snpra:
2131 2738 2403 2799 ‘arguitur

1334 2816 1618 2882 pleraque‚'
1644 2824 1697 2866 et
1722 2814 1857 2865 infra
1877 2832 1893 2864 ι
1914 2816 2159 2864 adlevatur
2178 2814 2405 2863 animum.

1333 2892 1565 2943 Similem
1588 2890 1695 2941 fere
1728 2891 2039 2941 locutionem
2066 2890 2223 2939 habes
2254 2889 2404 2939 Hist.

1335 2967 1427 3017 lib.
1464 2981 1527 3016 11.
1574 2965 1590 2994 ⁶
1616 2981 1783 3031 eaque
1823 2973 2014 3015 cuncta
2058 2979 2152 3028 per
2188 2965 2405 3013 idoneos

1335 3044 1616 3105 ministros,
1670 3046 1768 3092 διο.
1823 3039 2237 3091 festinabamur!
2316 3040 2406 3089 Pi-

1335 3120 1497 3169 chena.
1578 3118 1797 3182 Optime
1858 3116 2068 3165 videtur
2112 3115 2407 3179 conjecisse

1337 3210 1486 3245 socer
1504 3209 1665 3253 meus,
1682 3208 1825 3255 euque
1842 3197 2028 3241 cuncta:
2054 3197 2197 3241 certe
2222 3205 2405 3240 sensus

1335 3271 1433 3319 hoc
1456 3271 1663 3319 clamat.
1731 3266 2097 3318 Freinshemius.

1407 3344 1735 3397 Conviculium
1782 3342 2061 3405 fabularum
2101 3340 2405 3404 simplicitas]

1340 3423 1460 3472 Sen.
1504 3420 1689 3472 Benef.
1730 3433 1817 3469 ιιι.
1862 3424 1945 3469 26.
1992 3417 2405 3481 ‘Exeipiebatur

1339 3498 1601 3547 ebriorum
1643 3510 1831 3559 sermo,
1874 3495 2178 3559 simplicitas
2222 3494 2405 3557 jocan-

1342 3574 1505 3625 tium!
1549 3574 1789 3624 Aurelius.

1407 3652 1547 3701 Cu.
1569 3655 1619 3699 6.
1655 3650 1747 3698 Dii
1774 3663 1865 3707 me,
1889 3644 2119 3708 Deaeque]
2151 3646 2166 3671 ‘
2194 3643 2407 3693 Postre-

1340 3742 1424 3777 mo
1459 3728 1733 3789 semetipse
1772 3732 2023 3786 pertaesus
2050 3720 2139 3768 tali
2164 3719 2403 3782 epistola

1340 3805 1597 3867 principio
1635 3808 1834 3851 tantum
1868 3814 1970 3847 non
2002 3812 2251 3846 summam
2289 3809 2407 3845 suo-

1341 3894 1455 3929 rum
1508 3878 1760 3927 malorum
1814 3872 2074 3939 professus
2140 3871 2253 3935 est,’
2303 3874 2407 3921 ὅτε.

1339 3956 1555 4005 Sueten.
1578 3954 1751 4002 Tiber.
1772 3955 1853 4000 68.
1890 3950 2127 3997 Muretus.

1406 4032 1627 4081 Firnwre
1646 4028 1832 4091 solitus]
1882 4026 2079 4074 Mun-et.
2111 4022 2409 4089 Adfirmare.

1339 4106 1624 4158 Acidalius.

1403 4182 1733 4235 Recludantur
1748 4183 2054 4245 tyrannorum
2070 4172 2275 4245 mental
2284 4172 2407 4232 Pla-
