2897 4742
496 315 674 384 3894

568 475 706 524 Car.
727 476 812 523 6⁸.
841 471 1160 536 Aliaparente
1177 471 1358 534 genita]
1389 471 1420 500 ¹¹
1439 471 1571 520 Filio

499 549 627 600 item
651 548 990 612 indulgenda.
1057 548 1190 597 Haec
1211 547 1453 609 dixerim,
1474 561 1573 596 nec

495 624 621 674 mibi
631 622 780 672 firma
789 630 878 672 aut
888 624 1068 686 proba,
1079 631 1136 670 ut
1147 623 1384 686 pra-misi.
1400 622 1576 685 Scrip-

497 699 570 749 sit
595 698 662 748 ad
685 713 768 748 me
801 715 868 747 ex
910 698 1165 761 Hispania
1189 699 1267 747 vir
1280 699 1487 759 doctus,
1518 699 1571 747 in

499 775 672 826 veteri
694 774 828 823 libro
851 789 908 823 se
931 775 1150 838 legisse:
1185 776 1356 837 quippe
1371 776 1473 823 alta
1486 789 1574 838 pa-

499 856 660 898 rente.-
693 849 830 913 quod
853 848 920 897 ad
945 857 1178 897 nostrum
1201 849 1341 897 illum
1365 863 1571 898 sensum

499 923 680 988 faciat,
704 925 796 974 sed
821 926 1023 976 mallem
1057 925 1198 975 aliud
1221 925 1384 975 verbi.
1448 925 1570 988 Lip-

505 1015 624 1054 Μ.

570 1077 798 1126 Materna
839 1076 959 1125 bona
1001 1077 1172 1139 quippe
1211 1076 1312 1125 alia
1349 1074 1572 1138 parente]

503 1150 807 1214 Distingue,
841 1151 1023 1200 Silano
1058 1149 1217 1200 fuisse
1257 1159 1475 1200 matrem
1515 1157 1573 1200 et

500 1240 805 1276 novercam:
863 1217 1100 1274 materna
1143 1226 1278 1275 bona
1322 1224 1575 1287 intelligit

500 1316 644 1352 verae
661 1301 858 1363 matris,
875 1317 990 1366 qnae
1015 1316 1046 1350 a
1065 1301 1211 1350 bonis
1235 1314 1473 1350 novercae
1496 1313 1571 1348 se-

505 1377 740 1441 paranda
778 1384 972 1438 essent,
1012 1390 1074 1425 ac
1107 1375 1271 1424 Silani
1304 1374 1430 1436 filio,
1462 1381 1572 1424 tan·

504 1469 659 1519 quam
675 1455 804 1503 aviae
821 1454 982 1516 ipsius
1001 1461 1232 1517 paternas
1250 1453 1386 1502 bona
1403 1453 1571 1502 reddi.

501 1530 736 1582 Pio-hena.
790 1531 972 1580 Lectio
993 1530 1162 1594 palam
1184 1529 1392 1588 vitiosa,
1414 1543 1573 1592 appa-

503 1611 588 1656 ret
631 1613 804 1656 tamen
843 1619 1044 1667 sensus,
1081 1619 1232 1669 quem
1274 1612 1331 1654 et
1366 1605 1573 1666 Lipsius

501 1677 613 1732 fere
635 1682 788 1745 vidit,
805 1689 1024 1745 propter
1057 1681 1359 1744 dignitatem
1383 1687 1573 1729 mater·

501 1759 586 1808 ine
634 1758 750 1821 ejus
793 1757 1008 1807 familiae
1053 1758 1230 1807 datum
1269 1757 1465 1818 Silano,
1506 1769 1572 1804 ne

503 1833 663 1896 bona,
685 1849 801 1898 quae
827 1833 947 1882 inde
969 1833 1035 1882 ad
1059 1847 1176 1881 enm
1202 1837 1571 1895 pervenerant,

503 1911 912 1975 publicarentur,
936 1911 1076 1959 sient
1107 1918 1262 1960 antea
1283 1911 1336 1959 iu
1359 1909 1571 1959 damna-

503 1988 647 2037 tione
665 1987 884 2036 AEmiliae
909 1985 1154 2050 Lopidae:
1204 1987 1219 2013 ‘
1245 1986 1461 2045 Scauro,
1484 1983 1573 2048 qui

503 2060 666 2110 filiam
687 2075 754 2110 ex
775 2075 840 2110 ea
857 2066 1128 2124 genuerat,
1146 2060 1340 2120 datum,
1356 2073 1422 2107 ne
1438 2059 1574 2107 bona

505 2135 901 2200 publicarentur
919 2137 952 2195 ;'
1001 2149 1160 2199 supra
1195 2147 1286 2184 111.
1327 2139 1411 2184 25.
1475 2136 1573 2185 Ce-

505 2217 676 2270 terum
700 2217 908 2262 constat
930 2211 1128 2261 Silanos
1161 2216 1448 2260 maternam
1473 2210 1573 2260 ori·

413 2283 426 2304 ⁸
507 2286 702 2350 ginem,
723 2291 820 2337 dcc.
843 2286 874 2316 ⁴
940 2286 1310 2336 Freinshemius.

513 2406 522 2413 .
573 2364 806 2414 Calnffl.
826 2361 1312 2427 Minutara,quoties]
1345 2361 1431 2411 Ne
1451 2361 1575 2411 deli-

504 2440 692 2489 berare
716 2440 926 2504 quidem
945 2452 1252 2504 quemquem
1275 2446 1424 2502 puto,
1450 2438 1573 2502 quin

507 2514 810 2578 conjectura
827 2521 1003 2564 nostra
1019 2529 1143 2564 vera
1159 2514 1247 2577 sit,
1267 2513 1430 2563 Minci
1439 2514 1574 2573 juro,

503 2590 691 2652 quoties
720 2590 836 2652 glis.
870 2596 973 2653 pot.
1014 2591 1265 2653 preclara
1295 2596 1353 2639 et
1388 2604 1455 2639 cx
1479 2603 1576 2638 usu

505 2679 679 2714 rerum
707 2678 911 2728 gnome.
977 2664 1185 2727 Lipsius.

571 2741 830 2791 Minatur-a
882 2741 1061 2803 quoties
1110 2740 1288 2802 gliscat
1340 2739 1574 2803 potestus]

506 2816 854 2866 Doctissimus
893 2815 974 2865 vir
1013 2816 1239 2877 diduxit,
1271 2823 1327 2866 et
1364 2817 1574 2879 scripsit

504 2892 659 2943 miani
689 2892 827 2956 jara,
867 2906 934 2941 ex
975 2892 1156 2955 quibus
1197 2890 1379 2952 γνώμη,
1416 2904 1573 2955 quam

503 2966 740 3017 Tiberius
763 2982 873 3031 prae
894 2966 1056 3015 oculis
1077 2981 1178 3015 non
1200 2966 1386 3016 babuit
1400 2984 1415 3015 ι
1452 2980 1572 3015 nam

500 3042 723 3107 legibus,
761 3057 876 3106 quae
911 3042 964 3090 in
995 3039 1136 3091 facta
1167 3040 1573 3103 constituuntur,

501 3120 630 3171 nihil
649 3120 820 3169 damni
841 3118 1145 3183 contingere
1168 3123 1347 3183 potest
1367 3132 1433 3167 ex
1456 3132 1573 3181 pro-

501 3194 618 3245 visu
656 3194 926 3257 principis,
957 3207 1022 3242 ne
1059 3193 1329 3256 peccaturi
1364 3192 1420 3241 in
1459 3206 1573 3256 pro-

503 3270 687 3320 vinciis
725 3271 1080 3319 mitterentur.
1147 3268 1232 3319 Ad
1254 3269 1378 3334 quid
1411 3271 1573 3333 igitur

505 3360 570 3395 ea
589 3344 761 3393 dixit?
797 3344 1174 3408 Imperatorem
1195 3344 1575 3408 dissimulabat,

504 3434 604 3470 nec
625 3421 788 3469 latum
809 3433 1032 3483 unguem
1051 3420 1116 3469 ab
1133 3420 1334 3471 artibus
1353 3421 1575 3485 Augusti

506 3494 831 3545 discedebat.
898 3496 1230 3557 Deprecatur
1260 3495 1442 3559 itaque
1470 3497 1574 3545 vim

501 3570 768 3636 majorem,
785 3570 932 3635 quasi
954 3577 1156 3641 tantum
1183 3570 1312 3635 reip.
1332 3570 1574 3636 princeps

502 3662 620 3699 esse
639 3648 784 3712 velit,
805 3653 860 3697 et
878 3648 950 3696 sic
971 3647 1340 3697 ratiocinatur:
1375 3648 1574 3712 optime

501 3736 622 3773 mea
658 3737 775 3772 cum
810 3735 964 3771 onera
989 3730 1094 3771 tum
1130 3724 1366 3785 potentia
1404 3723 1573 3786 prefi-

503 3802 617 3851 nita
654 3808 794 3862 sunt,
839 3806 999 3864 utque
1041 3799 1328 3849 Romanum
1371 3800 1573 3850 Princi-

505 3890 626 3941 pem
665 3875 919 3925 decebat:
954 3873 1143 3938 siquid
1183 3874 1394 3935 additis,
1433 3875 1573 3939 regis

503 3949 562 4001 id
584 3950 703 4014 erit,
721 3965 818 4000 nec
836 3950 980 3999 vobis
1003 3949 1344 4000 tolerandum.
1382 3950 1573 4002 Quam-

505 4026 686 4077 obrem
733 4042 798 4078 ea
832 4027 886 4076 in
925 4041 1010 4076 me
1065 4025 1266 4090 parcite
1311 4023 1572 4090 conferre,

507 4116 626 4168 quae
649 4105 804 4153 toties
842 4118 875 4151 a
908 4118 991 4152 me
1027 4102 1177 4153 irrita
1200 4101 1345 4166 flent,
1367 4103 1571 4167 quoties

513 4191 546 4228 a
568 4178 714 4231 vobis
735 4179 950 4231 decreta
966 4177 1182 4253 fuerint.
1228 4179 1313 4230 Ad
1337 4180 1573 4231 ultimum

1201 327 1422 380 ⁸0¹1·AE
1474 325 1881 378 vAmontJu
1926 327 2012 388 ΙΝ,

1648 471 1859 521 ninum
1890 471 2173 528 παθητικοῖς.
2206 467 2425 518 Homer.
2455 463 2661 528 μινύθει
2690 463 2751 515 δέ

1646 565 1721 596 τοι
1754 545 1872 610 ἦτορ
1912 545 2105 609 ἑταίρων
2143 547 2279 596 Cet.
2318 544 2457 594 Gall.
2500 543 2609 593 lib.
2650 555 2749 591 1¹1.

1646 625 1663 652 ‘
1686 624 1871 687 Neque
1897 623 2113 686 pedibus·
2130 621 2324 670 aditum
2344 620 2591 669 babeant
2616 632 2745 666 cum

1649 713 1717 748 ex
1736 700 1843 746 alto
1866 713 1923 746 se
1942 703 2099 746 aestns
2116 694 2455 756 incitavisset,
2477 692 2635 757 quod
2660 691 2747 756 bis

1648 789 1852 838 semper
1890 774 2081 824 accidit
2114 774 2353 822 horarum
2384 784 2488 819 κη.
2528 769 2744 832 spatio,

1647 864 1817 914 neque
1839 849 2075 908 navibus,
2096 847 2231 912 quod
2254 861 2427 896 rursus
2448 847 2745 894 minuente

1648 932 1782 974 aestu
1827 939 1983 974 naves
2026 925 2077 972 in
2118 923 2264 972 vadis
2302 919 2743 970 afflictarentur)

1646 999 1925 1049 Salis-erius.
2007 999 2301 1048 Videndum
2343 1013 2409 1046 an
2452 998 2744 1057 ninum,

1648 1075 1947 1124 mutandum
1968 1075 2035 1123 sit
2055 1073 2130 1134 in,
2145 1073 2299 1122 minus
2319 1077 2444 1121 tuta.
2477 1069 2742 1119 Ursinus.

1648 1151 1893 1203 Quamvis
1916 1150 2240 1199 doctissimus
2262 1148 2553 1198 Salineriua
2578 1148 2743 1196 lecti-

1646 1243 1800 1278 onem
1841 1233 2094 1288 veterem,
2136 1226 2379 1274 minantum
2430 1221 2748 1288 defendere⁸

1648 1311 1885 1364 conetur,
1914 1317 2015 1366 ego
2052 1311 2227 1351 tamen
2268 1301 2333 1350 ab
2368 1299 2545 1364 ipsius·
2568 1301 2740 1350 inter-

1648 1379 1943 1443 pretatione
1978 1392 2183 1428 sensum
2215 1377 2431 1438 nullum,
2450 1375 2523 1424 ad
2546 1375 2741 1424 Taciti

1646 1460 1873 1503 mentem
1894 1454 2087 1504 haurio.
2154 1452 2316 1502 Nulla
2347 1450 2513 1514 igitur
2548 1464 2737 1512 cansa,

1649 1531 1769 1594 quin
1794 1530 2173 1580 correctionem
2197 1527 2359 1590 Lipsii
2382 1540 2567 1576 veram
2594 1526 2745 1586 exis--

1649 1605 1847 1666 timem,
1864 1613 2023 1669 atque
2047 1604 2311 1668 recipiam.
2332 1603 2567 1652 Pione-a.
2609 1601 2663 1650 N
2668 1614 2737 1649 on

1649 1680 1915 1729 adsentior
1934 1681 2073 1742 jara,
2110 1694 2225 1744 quae
2250 1693 2345 1742 pro
2378 1677 2639 1727 libertate
2676 1685 2741 1744 et

1647 1755 1918 1817 republica
1942 1755 2120 1820 (quam
2142 1752 2309 1804 adhuc
2326 1769 2381 1802 ae
2404 1767 2730 1803 conservare

1646 1830 1888 1879 simulare
1924 1831 2161 1880 Tiberius
2194 1829 2413 1892 solebat)
2434 1837 2729 1892 ponuntur,

1646 1907 1711 1957 de
1736 1908 1936 1968 justitia
1956 1908 2354 1972 interpretanti;
2378 1922 2535 1972 quam
2568 1912 2730 1970 poter-

1645 1989 1747 2034 tute
1766 1985 1872 2047 illa,
1894 2000 2011 2048 quie
2020 1983 2215 2045 juribus
2230 1984 2317 2033 hic
2341 1984 2655 2048 opponitur,
2677 1984 2729 2031 iu

1647 2061 1817 2110 causis
1862 2062 2187 2123 privatorum
2228 2061 2429 2122 melius,
2466 2067 2635 2125 atque
2673 2060 2727 2108 in

1647 2137 1803 2201 plena
1845 2137 2107 2200 libertate,
2148 2138 2499 2188 administrari
2552 2151 2731 2201 posse,

1647 2212 1875 2276 ipsorum
1915 2214 2177 2264 Caesarum
2213 2214 2443 2278 priorum
2475 2212 2729 2276 exempla

1649 2288 1871 2339 docent:
1906 2289 2045 2339 uude
2066 2305 2180 2355 sup.
2203 2305 2242 2341 ι.
2266 2295 2317 2340 2.
2348 2291 2364 2318 ‘
2384 2290 2578 2354 Neque
2604 2302 2725 2353 pro-

1650 2363 1831 2414 vinciae
1869 2365 2011 2414 illum
2046 2381 2217 2415 rerum
2256 2371 2451 2415 statum
2488 2365 2730 2429 [monar-

1650 2440 1877 2505 chicum]
1894 2441 2190 2493 abnuebant
2210 2460 2223 2491 :
2249 2450 2491 2506 suspecto
2506 2450 2727 2493 senatus

1649 2516 1931 2581 populique
1956 2520 2173 2582 imperio
2210 2519 2277 2569 ob
2316 2522 2611 2569 certamina
2636 2534 2724 2583 po-

1650 2592 1867 2640 tentium
1898 2598 1957 2641 et
1987 2594 2260 2643 avaritiam
2288 2594 2721 2657 magistratuum:

1646 2666 1876 2716 invalido
1896 2668 2069 2730 legum
2096 2668 2307 2731 auxilio,
2332 2684 2449 2732 quae
2472 2670 2541 2731 vi,
2558 2667 2721 2718 ambi-

1652 2750 1725 2806 tu,
1770 2749 2034 2806 postremo
2075 2745 2297 2807 pecunia
2336 2744 2721 2794 turbabantur!

1649 2818 1806 2882 Angl.
1850 2822 1990 2882 leges.
2060 2821 2204 2869 Beue
2250 2820 2293 2869 si
2336 2822 2466 2889 leger
2505 2820 2722 2885 accepit

1648 2908 1712 2943 ea
1746 2894 2140 2957 significatione,
2164 2910 2265 2959 qua
2300 2896 2605 2945 libertatem
2646 2910 2723 2943 ar-

1648 2976 1833 3033 guunt,
1879 2976 1935 3019 et
1981 2971 2317 3020 dominationi
2365 2976 2721 3034 opponuntur.

1649 3045 1803 3096 Quod
1824 3044 1961 3095 idem
1984 3045 2051 3094 de
2076 3046 2197 3095 Gal.
2222 3060 2263 3096 1.
2286 3046 2389 3096 dici
2413 3053 2611 3111 potest,
2632 3046 2718 3111 qui

1646 3122 1714 3170 lea
1752 3122 1905 3170 droits
1942 3120 2147 3182 reddit3
2178 3135 2298 3172 nam
2330 3124 2427 3171 hoc
2450 3123 2617 3171 etiam
2656 3122 2719 3171 de

1636 3196 1757 3261 jure
1780 3204 1838 3247 et
1858 3196 2134 3260 majestate
2165 3199 2295 3260 reip.
2319 3205 2496 3261 potest
2526 3198 2721 3262 accipi,

1648 3287 1798 3321 secus
1822 3272 1863 3321 si
1887 3280 2113 3336 ponatur
2132 3272 2185 3321 in
2207 3272 2468 3335 singulari,
2494 3280 2554 3322 ut
2574 3272 2717 3336 apud

1648 3348 1886 3409 alterum,
1906 3347 1950 3395 le
1968 3347 2127 3395 droit:
2158 3354 2269 3395 tum
2290 3346 2426 3395 enim
2441 3347 2583 3410 jura,
2606 3347 2717 3412 qui-

1646 3421 1744 3471 bus
1768 3423 1973 3485 privata
2006 3423 2214 3485 negotia
2240 3422 2623 3487 disceptantur,
2643 3426 2717 3473 in-

1648 3499 1813 3561 telligi
1836 3500 2021 3549 solent.
2087 3498 2453 3548 Fremant-iu.
2676 3528 2689 3539 ·

1716 3574 1972 3637 Cytheram
2011 3574 2190 3638 potius]
2246 3574 2307 3623 In
2346 3574 2719 3639 manuscripto,

1653 3649 1935 3712 Cythnum.
1959 3648 2121 3698 Putes
2140 3649 2379 3712 Cythnum
2394 3648 2577 3711 fuisse,
2597 3666 2713 3715 qum

1647 3724 1816 3775 insula
1836 3732 1917 3774 eat
1929 3726 2087 3789 juxta
2106 3724 2360 3786 Atticam,
2380 3726 2475 3775 sub
2496 3726 2715 3788 Euboea,

1648 3809 1827 3850 nostro
1847 3801 1990 3861 alibi,
2006 3801 2293 3850 Ptolemaeo
2308 3802 2433 3850 item
2451 3809 2508 3850 et
2522 3802 2716 3865 Plinio,

1647 3877 1927 3927 nominata.
1994 3877 2204 3939 Lipsius.
2518 3904 2523 3909 ·

1718 3954 1978 4018 Cytheram
2005 3952 2293 4015 concederet]
2329 3950 2554 4003 Faernus
2574 3954 2713 4018 lege-

1646 4031 1755 4089 bat,
1779 4028 2038 4093 Cytheram
2068 4030 2229 4092 potius
2255 4031 2573 4092 comederent,
2592 4044 2716 4093 non,

1646 4106 1929 4155 concederet.
1964 4104 2200 4153 Ursinus.
2265 4104 2453 4169 Adjeci
2472 4106 2714 4170 conjunc·

1649 4182 1865 4245 tionem,
1883 4184 1961 4245 ut,
1983 4194 2054 4231 ex
2074 4182 2452 4247 Mauuscripto.
2522 4184 2589 4233 Ut
2616 4184 2710 4247 Cy·
