2897 4742
489 487 612 544 ‘atis
631 495 840 546 litorum
862 495 984 547 oris.
1049 497 1172 547 Non
1194 497 1346 548 aliter
1364 497 1546 563 Belgae

485 573 650 622 nostri
665 573 946 638 loquuntur
963 589 977 622 z
1015 573 1126 623 inde
1141 573 1282 636 wiy‘de
1294 575 1408 632 Zee.
1431 589 1549 624 cum

485 648 553 697 de
586 647 697 712 ipso
721 650 868 714 quasi
893 649 1182 699 meditullio
1203 651 1356 700 maris
1381 665 1548 701 sermo

485 733 581 774 est.
631 725 816 774 Etltoe
841 727 990 774 latam
1009 726 1220 788 dicitur,
1241 723 1547 793 longiusque

484 799 634 850 abest
657 816 688 849 a
702 803 873 853 litore.
905 803 1074 852 Altum
1092 817 1215 852 vero
1231 817 1372 852 mare
1387 805 1545 854 etiam

479 874 556 927 ibi
576 893 686 928 esse
707 886 902 943 potest,
925 879 1014 928 ubi
1039 881 1329 943 proximum
1363 889 1444 931 est
1465 882 1545 931 lit-

480 959 652 1005 torum
674 956 793 1006 oris.
843 957 1164 1006 Bethor-nius.

546 1031 682 1082 Car.
723 1037 805 1082 79.
867 1033 1014 1082 Diem
1070 1033 1376 1097 predixisse]

479 1110 650 1172 potius
671 1107 997 1173 predixisset?
1033 1109 1096 1158 Id
1121 1110 1260 1159 euim
1283 1111 1430 1160 verbi
1454 1125 1543 1174 po-

478 1186 580 1235 tius
622 1187 675 1236 in
719 1187 814 1236 bac
858 1202 913 1236 re
957 1193 1280 1250 usurpatum.
1363 1187 1541 1237 Livius

473 1259 509 1308 l.
545 1274 634 1310 111.
678 1265 694 1290 ⁴
719 1263 782 1312 In
829 1277 1090 1312 carcerem
1133 1269 1215 1311 est
1253 1263 1540 1326 conjectus,

471 1335 624 1400 eique
646 1337 910 1387 Tribunus
948 1339 1086 1387 diem
1121 1337 1390 1402 prodixit?
1457 1341 1539 1389 Ex

473 1412 658 1462 eodem
697 1421 755 1463 et
796 1413 923 1462 item
960 1413 1073 1462 aliis
1109 1415 1257 1478 plura
1295 1415 1539 1477 exempla

472 1488 564 1537 dat
583 1489 815 1554 Scaliger
835 1491 889 1539 in
912 1489 1138 1539 Festum.
1192 1492 1326 1540 Sane
1341 1498 1399 1540 et
1419 1491 1539 1540 Mu·

469 1571 570 1614 ret.
593 1563 670 1613 ita
692 1565 837 1629 legit.
881 1565 1145 1616 Acidaliae.

533 1640 669 1692 Car.
692 1646 774 1691 So.
811 1641 1101 1705 Celenderis]
1143 1641 1232 1692 Sic
1255 1657 1373 1692 cum
1395 1649 1535 1694 esset

464 1715 518 1764 in
561 1717 800 1780 vulgatis,
844 1718 1046 1782 Lipsius
1108 1727 1348 1780 testatur,
1391 1719 1530 1783 apud

463 1793 748 1858 Josephum
783 1795 904 1858 legi,
939 1795 1208 1845 Celendris:
1255 1809 1408 1861 quam
1445 1811 1532 1845 vo-

464 1883 580 1919 cem
603 1871 810 1934 repperi
833 1871 990 1920 etiam
1011 1871 1064 1919 iu
1088 1871 1232 1921 Man.
1266 1873 1495 1921 Pithenu.

534 1945 590 1994 Iu
641 1959 884 1995 numerum
938 1945 1136 2008 legionis
1187 1947 1529 2012 componeret]

463 2019 649 2084 Recte,
669 2023 722 2070 in
751 2035 1014 2081 numerum,
1054 2035 1174 2070 nam
1212 2035 1382 2087 neque
1420 2025 1527 2072 ani-

460 2111 594 2158 mos,
628 2111 799 2162 neque
839 2098 1216 2161 experientiam
1249 2105 1338 2149 aut
1359 2113 1527 2165 usum,

459 2187 528 2222 ne
553 2187 696 2222 arma
718 2172 928 2238 quidem
950 2173 1348 2236 legionariorum
1369 2175 1527 2226 habe-

459 2249 606 2311 bant,
646 2249 882 2313 adeoque
933 2247 1058 2298 nibil
1113 2255 1311 2312 praeter
1347 2263 1525 2301 nume-

459 2337 590 2375 rum.
638 2325 1002 2375 Freinshemius.

523 2402 655 2452 Hinc
697 2403 921 2466 multtum,
961 2404 1073 2453 inde
1111 2402 1337 2467 beorum]
1391 2404 1521 2469 Sup-

455 2478 569 2540 plet
603 2479 872 2528 Muretus:
907 2478 1020 2528 hinc
1053 2479 1259 2529 nalum
1295 2481 1384 2543 nis,
1410 2482 1523 2531 inde

454 2554 656 2603 locorum
676 2554 923 2617 asperitas.
959 2554 1064 2604 Sed
1087 2568 1152 2603 ex
1174 2554 1382 2618 ingenio
1407 2562 1520 2605 tan-

453 2636 584 2678 tum.
623 2628 850 2679 Piehena.
906 2630 1021 2693 Ego
1040 2628 1219 2693 probo.
1253 2630 1521 2681 Acidalia.

453 2704 660 2753 Excusa
679 2704 812 2754 bene
833 2711 972 2755 stat:
995 2718 1113 2753 nam
1137 2706 1390 2768 asperitas
1413 2720 1518 2757 non

453 2790 654 2833 tautum
679 2782 798 2845 loci,
836 2782 928 2832 sed
957 2782 1150 2833 militis.
1203 2782 1292 2831 Sic
1329 2782 1516 2833 Horat.

451 2858 571 2909 Ode
585 2864 632 2910 1.
655 2860 673 2886 ⁴
695 2872 868 2909 acrem
891 2858 1141 2909 militiam’
1163 2852 1318 2922 dixit,
1339 2858 1394 2908 id
1417 2867 1520 2924 est,

449 2950 716 2999 asperam:
746 2944 804 2986 et
823 2936 964 2997 alibi,
987 2936 1002 2962 ‘
1025 2948 1221 2998 gnavus
1246 2942 1302 2984 et
1324 2934 1515 2999 asper!

448 3010 522 3062 Et
557 3012 574 3040 ‘
598 3012 854 3061 saevitiam
895 3010 1310 3073 Centurionum,'
1339 3016 1517 3059 noster

445 3088 546 3139 l.1.
585 3089 674 3154 qui
713 3087 866 3153 rigidi
905 3088 1132 3152 dicti,et
1165 3089 1356 3151 asperi.
1411 3088 1515 3139 Aa·

443 3164 604 3214 relius.

510 3242 643 3291 Cu.
669 3244 748 3289 81.
788 3242 985 3290 Interim
1012 3236 1150 3301 Piso]
1189 3237 1367 3288 Pisoni
1391 3252 1512 3288 cou-

379 3369 402 3385 ·
441 3314 614 3367 silium
649 3316 780 3377 t'uit3
815 3319 970 3380 quale
1006 3315 1288 3364 Thracibus
1319 3328 1396 3365 ιν.
1425 3316 1510 3364 48.

443 3398 500 3441 et
523 3392 796 3441 Germanis
821 3392 891 3440 fl.
915 3406 969 3439 v.
993 3394 1078 3439 21.
1111 3388 1479 3439 Freinshemius.

506 3466 666 3517 Seme&
687 3466 999 3532 adflictatio]
1023 3466 1140 3517 Nou
1162 3470 1246 3515 est
1261 3464 1509 3515 credibile

439 3540 682 3594 Pisonem
726 3543 892 3593 virum
931 3542 1220 3607 arrogantis
1253 3541 1427 3604 animi,
1454 3548 1509 3590 et

437 3618 622 3685 primae
647 3620 934 3678 nobilitatis
952 3627 1009 3669 et
1029 3634 1096 3669 ex
1120 3619 1286 3682 stirpe
1317 3618 1506 3668 Numae

437 3696 592 3760 regis,
636 3710 734 3745 nec
790 3694 1013 3744 fortunae
1059 3694 1505 3753 succumbentem,

435 3778 602 3821 temet
648 3770 946 3821 afflictasse.
1023 3772 1163 3827 Lego
1208 3772 1386 3836 igitur,
1440 3772 1507 3819 Et

430 3860 520 3910 pro
557 3849 708 3896 murth
739 3851 872 3897 modo
907 3864 992 3897 suec
1022 3853 1181 3897 cestra
1218 3853 1420 3896 ructatus
1438 3850 1503 3896 ad

433 3922 810 3985 conflictandum.
845 3926 1106 3974 Aurelius.
1183 3924 1501 3987 Progressus

435 4006 588 4047 extra
627 4012 794 4047 muror-
835 4002 958 4049 nihil
999 4000 1296 4063 omittebat,
1314 4000 1499 4065 quibus

1456 1033 1543 1084 An

351 4076 356 4081 ’
437 4074 502 4123 ad
529 4075 931 4125 misericordiam
965 4074 1321 4138 flecterentur,
1347 4076 1498 4126 modo

434 4156 600 4197 temet
629 4149 798 4211 ipsum
829 4151 1095 4214 miserans,
1115 4164 1358 4215 suamque
1393 4164 1499 4200 sor-

434 4227 547 4273 tem
598 4224 888 4288 deplorans.
975 4226 1076 4276 Pro
1122 4226 1274 4275 muris
1324 4224 1499 4277 reddit

1181 353 1400 408 nou:
1425 357 1853 424 ,unionum
1900 355 1981 409 m

1628 499 1809 551 Germ.
1848 515 2007 567 supra
2060 517 2292 554 murum:
2344 500 2509 564 fals03
2564 497 2705 554 licet

1626 578 2008 643 adstipulentur
2062 595 2259 642 omnes,
2308 589 2501 643 praeter
2572 579 2705 630 Gal.

1624 653 1994 706 Frdndtentt'tu.
2038 657 2206 705 Recte
2229 671 2345 705 meo
2362 657 2563 720 judicio
2584 669 2703 705 om-

1622 741 1733 790 nes,
1752 731 1840 794 qui
1873 746 1963 794 pro
1998 733 2165 792 muris,
2200 741 2259 782 ut
2288 748 2378 797 pro
2397 735 2584 796 rostris,
2603 745 2703 795 pro

1620 805 1867 868 tribunati,
1888 815 2231 871 acceperunt:
2258 823 2357 858 uec
2382 817 2559 872 potest
2580 810 2701 872 pla-

1620 893 1743 928 cere
1766 897 2049 944 progressus
2080 889 2219 933 extra
2252 899 2425 933 muros.
2482 885 2701 936 Quous-

1619 969 1721 1020 que
1742 958 1875 1004 enim
1902 960 2147 1022 progredi
2184 967 2302 1009 tuto
2332 967 2560 1024 poterat,
2600 961 2697 1024 qui

1617 1039 1770 1080 extra
1792 1045 1986 1093 muros,
2016 1049 2119 1098 qua
2152 1042 2299 1097 parte
2338 1036 2699 1084 incubuerant

1614 1105 1871 1168 Sentiaui,
1908 1109 2035 1157 nibil
2072 1125 2291 1159 vacuum
2336 1117 2426 1159 aut
2458 1111 2693 1160 liberum

1614 1184 1880 1233 habebat?
1916 1186 1986 1234 Et
2009 1194 2203 1250 quanto
2226 1186 2545 1237 commodius
2566 1187 2691 1236 hoec

1614 1257 1810 1308 invidia
1846 1259 2010 1310 tiebat
2052 1275 2117 1310 ex
2156 1263 2263 1312 alto
2308 1269 2365 1312 et
2408 1263 2516 1312 late
2562 1277 2695 1312 con-

1613 1343 1795 1398 specto
1838 1337 1991 1386 loeo?
2048 1345 2348 1402 quantoque
2392 1337 2459 1386 ad
2504 1339 2689 1402 plures

1612 1413 1913 1476 pertinebat
1952 1421 2009 1463 et
2045 1414 2183 1463 visus
2218 1413 2541 1464 adflictantis
2566 1429 2689 1465 sese

1610 1495 1666 1537 et
1690 1503 1791 1538 vox
1824 1491 2086 1554 querentis
2110 1506 2173 1539 ac
2190 1491 2519 1540 sollicitantis
2540 1492 2559 1540 ?
2595 1491 2687 1541 Sic

1607 1566 1767 1629 igitur
1787 1567 1987 1631 accipe,
2000 1567 2247 1616 Pisonem
2266 1567 2410 1616 circa
2432 1567 2485 1615 id
2506 1567 2685 1631 ipsum

1608 1649 1833 1706 tempus,
1856 1657 1958 1706 quo
1983 1643 2357 1706 rejiciebantur
2378 1649 2435 1692 et
2456 1657 2515 1692 se
2538 1644 2689 1692 clau·

1606 1717 1803 1768 debant
1836 1720 1973 1768 intra
2010 1719 2329 1768 munimenta
2354 1719 2454 1781 sui,
2490 1718 2685 1768 eodem

1604 1807 1701 1856 per
1732 1807 1965 1843 aversam
2008 1800 2211 1857 portam
2246 1794 2463 1843 rediisse
2494 1809 2529 1842 a
2570 1801 2688 1844 ten-

1604 1875 1719 1916 tata
1752 1869 1917 1917 classe
1957 1875 2013 1918 et
2051 1871 2173 1918 dum
2211 1875 2401 1932 parant
2422 1869 2687 1934 sentiani,

1602 1957 1719 2007 quae
1766 1945 2114 2008 oppugnando
2152 1951 2330 1994 essent
2369 1945 2581 2008 idonee,
2626 1947 2683 1994 in

1600 2019 1809 2068 summis
1864 2021 2115 2070 moenibus
2170 2021 2304 2071 hauc
2362 2021 2681 2084 tragoediam

1601 2094 1838 2155 saltasse,
1882 2096 2047 2146 donec
2086 2096 2293 2145 Sentius
2336 2103 2523 2160 parata
2559 2097 2681 2160 jam

1596 2177 1750 2233 parte
1798 2171 2131 2222 instrumenti
2186 2185 2379 2222 canere
2422 2171 2576 2236 signa
2622 2179 2685 2224 et

1600 2245 1702 2294 vim
1724 2245 1837 2296 fleri
1852 2247 2029 2310 jussit.
2098 2247 2383 2298 (inmins-

1662 2315 1905 2373 Oceanere
1948 2322 2145 2387 cornua]
2198 2324 2425 2375 occulte
2464 2339 2685 2390 surrep-

1594 2404 1707 2448 tum
1748 2400 1996 2449 Sallustio
2046 2407 2145 2464 est,
2192 2402 2209 2428 ‘
2232 2402 2397 2453 Jussu
2458 2402 2679 2453 Metelli

1595 2475 1890 2525 cornicines
1914 2476 2234 2525 occanuere.’
2284 2478 2494 2541 lipsius.

1658 2552 1794 2601 Car.
1817 2556 1898 2601 82.
1938 2553 2106 2616 Dolor,
2126 2554 2221 2615 ire,
2260 2560 2310 2603 et
2339 2556 2677 2622 erumpebant]

1592 2626 1624 2657 *
1646 2635 1882 2693 questus.
1937 2630 2171 2677 Eundem
2208 2628 2443 2679 ordlnem
2484 2631 2538 2681 in
2584 2648 2677 2682 ex-

1592 2704 1872 2767 primendis
1896 2702 2171 2754 affectibus
2190 2705 2464 2769 ejusmodi,
2484 2720 2673 2758 eornm

1590 2782 1899 2845 singularem
1924 2780 2181 2831 artificem
2214 2781 2359 2845 sequi
2382 2782 2673 2847 Nasonem,

1590 2858 1782 2921 passim
1816 2857 2091 2907 observare
2112 2865 2211 2907 est.
2266 2858 2419 2911 Quod
2448 2872 2673 2909 monen-

1589 2932 1711 2982 dum
1734 2940 1870 2998 crat,
1908 2934 2029 2997 qnia
2068 2934 2325 2996 ejusmodi
2357 2934 2673 2999 elegantias,

1590 3014 1682 3057 aut
1705 3010 1877 3072 potius
1900 3008 2119 3058 fulmina
2138 3022 2202 3058 ac
2226 3008 2363 3058 vires
2385 3010 2672 3075 scribendi,

1586 3086 1740 3147 pauci
1758 3084 2051 3145 observant,
2068 3086 2344 3149 panciores
2362 3086 2671 3150 exprimunt

1586 3166 1644 3209 et
1662 3166 1960 3224 sequuntur.
2028 3161 2165 3209 Nam
2192 3161 2307 3210 boec
2328 3174 2534 3226 quoque
2558 3174 2667 3211 nnn

1587 3236 2039 3298 pretermittenda
2070 3242 2195 3285 sunt
2226 3236 2349 3297 illis,
2371 3236 2461 3301 qui
2483 3236 2549 3285 ad
2574 3252 2667 3286 an·

1589 3312 1849 3377 tiqnorum
1895 3314 2160 3376 exemplar
2202 3328 2265 3362 ac
2300 3314 2560 3377 judicium
2606 3331 2665 3366 se

1583 3398 1919 3452 componunt.
1969 3390 2296 3440 Boxhornius.

1648 3464 1711 3513 In
1740 3470 1977 3513 extremus
2015 3470 2171 3514 terras
2200 3466 2491 3530 relegam]
2522 3467 2662 3519 Cum

1582 3540 1716 3589 libro
1738 3542 1980 3603 proximo
2001 3544 2217 3590 externa
2238 3546 2381 3591 terroe
2412 3542 2664 3593 dicantur

1582 3614 1685 3665 illae
1724 3615 1980 3677 Orientis,
2022 3616 2077 3663 in
2115 3630 2238 3680 quas
2278 3618 2542 3680 relegatus
2572 3625 2663 3669 est

1580 3690 1944 3753 Germanicus,
1964 3698 2022 3739 ut
2045 3691 2196 3754 infra,
2218 3696 2234 3721 ‘
2254 3694 2345 3743 Ob
2367 3694 2661 3760 longinqui·

1581 3774 1743 3816 tatem
1766 3768 1971 3825 itineris
1994 3771 2221 3820 externis
2254 3772 2411 3820 terris
2448 3786 2660 3837 quoquo

1576 3844 1732 3894 modo
1754 3855 2039 3897 crematum
2062 3846 2097 3897 ε’
2131 3858 2187 3897 et
2225 3848 2241 3876 ‘
2268 3846 2467 3897 differri
2494 3849 2657 3898 etiam

1577 3934 1673 3985 per
1711 3924 1993 3973 externos.'
2046 3925 2159 3973 Imo
2204 3924 2303 3973 boc
2344 3926 2461 3987 ipso
2498 3924 2659 3989 libro,

1577 4000 1663 4049 ubi
1700 4000 2001 4050 Alexander
2038 4008 2094 4052 et
2126 4002 2475 4052 Germanicus
2516 4016 2657 4052 com-

1574 4086 1852 4140 parantur:
1876 4079 1893 4105 ‘
1912 4080 2206 4143 Utrumque
2228 4092 2433 4127 suorum
2452 4077 2654 4128 insidiis

1572 4158 1817 4203 externas
1839 4152 1977 4203 inter
2010 4161 2193 4217 gentes
2214 4152 2467 4203 occidisse
2486 4152 2521 4201 τ’
2564 4154 2650 4203 hic

1570 4226 1730 4278 etiam
1753 4226 2086 4279 scribendum
2108 4241 2329 4281 censeo:
2370 4228 2487 4279 Ideo
2504 4228 2651 4280 unni·
