2897 4742
391 257 568 325 3770

393 413 486 464 Sie
521 411 636 464 fere
689 415 888 464 Seneca
938 413 1006 464 de
1055 414 1256 464 Catone
1297 413 1460 474 dicit3

1085 273 1306 323 1101*AE
1353 271 1760 322 vammum
1808 273 1889 322 m

1538 420 1829 466 consecuta
1854 419 1953 464 est.
2016 413 2299 478 Sapienter
2350 419 2411 467 ut
2448 415 2608 480 solet,

396 491 565 555 Epist.
605 495 716 539 104.
763 493 778 517 ‘
801 491 930 540 Cum
967 477 1057 539 alii
1095 489 1164 540 ad
1197 491 1461 540 Caesarem
1536 492 1747 541 Tacitus
1765 498 1947 541 noster
1968 490 2155 541 Annal.
2180 493 2215 542 l.
2236 507 2312 544 iv.
2334 493 2401 543 ab
2424 507 2611 542 exces-

397 565 728 624 inclinarent,
769 567 852 614 alii
878 566 942 615 ad
969 567 1294 631 Pompeium,
1325 567 1464 616 solus
1540 583 1600 618 su
1644 569 1867 618 Neronis
1906 567 2001 629 ait,
2039 569 2055 596 ⁴
2076 569 2229 632 vulgo
2268 570 2519 620 alimenta
2555 570 2615 620 in

400 642 532 693 Cato
573 643 700 692 feeit
741 643 935 706 aliquas
965 649 1019 692 et
1061 644 1214 707 Reip.
1253 647 1467 708 partes-⁹
1540 645 1651 694 dies
1672 645 1891 694 mercari
1924 645 2081 694 'solito
2118 660 2271 694 unam
2294 659 2408 695 ease
2440 661 2507 695 ex
2532 657 2615 695 re·

399 719 504 770 Sed
543 718 608 768 de
643 719 809 768 Bruto
845 717 982 768 idem
1021 721 1183 769 nostri
1213 719 1467 783 judicium
1542 724 1687 786 publ.
1711 738 1925 773 aunonae
1961 723 2178 772 curam!
2245 723 2398 786 Auri,
2420 737 2617 788 purpu-

401 794 474 846 H.
497 808 538 845 1.
557 799 640 844 5⁰.
662 796 676 822 ⁸
703 809 988 844 mansuram
1015 793 1174 844 fuisse
1198 794 1291 844 sub
1317 795 1469 844 Pom-
1510 793 1521 806 ⁰
1545 791 1659 861 rte„
1693 799 1945 848 honorum
1990 799 2103 862 plus
2148 798 2286 861 apud
2332 800 2457 848 alios
2500 811 2616 846 esso

403 869 522 936 peio
545 871 814 935 Brutoque
837 869 1264 934 Rempublicam!
1299 870 1471 920 Frein-

401 947 627 996 ahmins.

475 1021 573 1071 Ubi
610 1021 808 1072 militem
849 1022 1006 1085 donis]
1073 1024 1326 1087 Respexit
1371 1023 1473 1073 buc

403 1098 608 1162 Victor,
625 1113 740 1148 cuni
759 1098 825 1147 de
852 1098 1034 1148 eodem
1052 1097 1291 1162 Augusto
1310 1098 1473 1162 scrip·

403 1175 510 1226 sits
565 1174 822 1238 §illectis
866 1188 962 1238 per
1017 1174 1154 1224 dona
1209 1174 1477 1236 militibus,

406 1258 566 1316 atque
643 1265 860 1300 annonae
948 1252 1192 1300 curandae
1297 1250 1477 1315 specie

407 1327 587 1391 vulgo,
620 1333 823 1376 ceteros
860 1326 994 1376 hand
1021 1326 1299 1378 difficulter
1327 1326 1478 1377 sube-

409 1402 522 1468 git?
555 1402 768 1466 Lipsius.
835 1403 1092 1454 Militares
1113 1404 1265 1453 animi
1291 1403 1388 1454 toti
1411 1403 1480 1452 ad

409 1481 612 1530 lucrum
653 1480 840 1529 intenti
879 1487 1032 1530 aunt:
1069 1495 1238 1546 neque
1279 1480 1385 1529 ulla
1421 1493 1481 1528 re

411 1555 574 1618 tnagis
599 1569 754 1619 quam
775 1554 924 1605 donis
948 1561 1336 1618 permoventur.
1382 1555 1482 1604 Est

413 1630 624 1697 quidem
680 1646 858 1682 verum
913 1633 1042 1682 illud
1108 1631 1480 1683 Homericum:

411 1708 552 1772 Δῦρα
561 1705 695 1757 θεοὺς
708 1707 872 1772 πόθει,
887 1709 990 1773 zap·
999 1707 1208 1766 οΙδοίους
1227 1709 1484 1766 βασιλῆας.

411 1783 518 1836 Sed
556 1785 719 1834 multo
745 1784 914 1834 verius
955 1785 1008 1844 in
1053 1785 1132 1846 iis,
1171 1786 1258 1850 qui
1296 1785 1487 1849 exigua

417 1861 692 1924 pecuniola
726 1859 960 1922 adducti,
1003 1862 1164 1910 vitam
1199 1876 1340 1910 suam
1364 1875 1489 1924 quo-

419 1935 550 1986 tidie
581 1935 634 1983 in
681 1949 832 1984 omne
876 1935 1154 1984 discrimen
1200 1941 1487 2000 exponunt.

419 2013 642 2065 Quando
693 2012 828 2060 enim
879 2011 1153 2074 pecuniam
1197 2012 1491 2075 negligent,

419 2089 510 2156 qui
531 2089 691 2138 vitam
728 2087 892 2151 ipsam
930 2101 1041 2150 proe
1068 2089 1290 2151 pecunia
1327 2087 1491 2150 negli-

421 2167 579 2231 gunt?
646 2165 834 2229 Itaque
857 2172 1105 2228 quantum
1131 2164 1272 2228 apud
1297 2165 1491 2213 milites

423 2245 560 2296 dona
583 2243 800 2308 possint,
831 2243 992 2307 magis
1013 2243 1170 2292 etiam
1195 2243 1494 2307 posteriori-

425 2321 524 2373 bus
562 2319 763 2370 saecnlis
786 2320 1111 2370 intellectum
1133 2326 1233 2384 est,
1267 2335 1402 2383 cum,
1434 2325 1497 2369 ut

428 2398 645 2463 quisque
677 2396 1047 2460 amplissimum
1085 2397 1384 2447 donativum
1409 2397 1498 2447 ob·

430 2474 646 2537 tulerat,
673 2474 744 2523 ita
769 2473 836 2523 ad
855 2487 976 2523 eum
997 2473 1274 2537 imperium
1297 2471 1499 2523 defere-

429 2550 582 2612 bant,
619 2564 722 2599 non
766 2549 960 2599 diutins
999 2550 1254 2612 imperare
1280 2546 1503 2613 passuri,

431 2643 585 2696 quam
627 2627 749 2678 dum
787 2627 1122 2691 reperiretur,
1153 2626 1240 2692 qui
1280 2626 1500 2689 amplius

433 2703 790 2768 polliceretur.
847 2704 918 2751 Et
939 2709 1110 2765 erant,
1130 2702 1236 2769 qui,
1258 2699 1502 2767 tanquam

433 2780 487 2830 in
511 2779 770 2843 auctione,
808 2778 1153 2841 licitarentur,
1182 2791 1287 2827 non
1319 2778 1503 2843 quanti

435 2857 775 2921 imperarent,
824 2854 916 2904 sed
966 2855 1148 2919 quanti
1185 2855 1339 2918 paulo
1385 2860 1505 2918 post

435 2938 762 2985 morerentur
785 2931 1144 2994 imperatores.
1180 2931 1419 2981 Muretus.

431 3032 436 3039 ·
505 3008 738 3072 Populum
776 3005 983 3069 asmo]
1049 3006 1192 3055 Nihil
1234 3013 1316 3056 est
1365 3006 1505 3057 enim

441 3084 578 3149 quod
597 3083 846 3147 populum
867 3082 1032 3145 magis
1051 3088 1313 3147 torqueat,
1329 3090 1420 3133 aut
1431 3082 1507 3132 fa-

441 3159 592 3209 cilius
607 3158 674 3207 ad
689 3157 996 3207 seditionem
1021 3158 1298 3221 populares
1315 3159 1507 3207 animos

442 3232 694 3292 concitet,
750 3245 906 3295 quam
949 3245 1167 3280 anuouae
1213 3231 1509 3283 difficultas.

443 3312 614 3375 Urget
635 3309 772 3358 enim
795 3307 994 3358 famen
1030 3322 1151 3373 qua,
1191 3314 1252 3359 ut
1287 3310 1362 3361 ait
1399 3312 1511 3361 Ho-

443 3386 666 3438 mericus
687 3386 916 3449 ulysses,
937 3384 1066 3433 mori
1093 3387 1513 3439 molestissimum

447 3468 561 3515 estt
597 3474 764 3526 neque
783 3459 862 3508 sui
891 3459 1124 3510 oblivisci
1149 3461 1375 3525 patitur:
1407 3479 1514 3514 ven·

449 3545 629 3601 terque,
651 3538 710 3587 ut
732 3534 1005 3599 proverbio
1025 3534 1226 3601 dicunt,
1259 3552 1396 3588 aeres
1421 3554 1517 3590 noa

447 3614 632 3687 habet(
690 3612 882 3679 Neque
915 3614 1072 3678 vulgo
1111 3615 1390 3666 odiosior-es
1426 3618 1518 3667 ulli

451 3698 592 3755 sunt,
622 3703 774 3754 quam
801 3689 888 3754 qui
925 3704 1179 3739 annonam
1216 3692 1519 3755 incendunt,

453 3773 511 3816 et
533 3764 1002 3816 excandefaciunt:
1039 3779 1209 3831 neque
1233 3769 1324 3817 ulli
1354 3770 1517 3833 magis

453 3856 612 3906 quam
636 3840 726 3906 qui
771 3856 884 3891 eam
928 3840 1228 3904 sublevant,
1272 3846 1519 3908 populum

458 3918 810 3969 demerentur.
873 3916 1127 3967 Reditum
1151 3918 1419 3968 Ciceronis
1456 3920 1521 3970 ab

457 3992 616 4045 exilio
645 3990 1010 4055 jucundiorem
1051 3994 1242 4058 populo
1271 3992 1432 4045 fuisse
1455 3996 1525 4046 ai-

461 4074 575 4133 unt,
607 4067 748 4141 quod
775 4080 1043 4128 summam,
1074 4082 1190 4133 quae
1224 4076 1384 4121 antea
1416 4069 1527 4122 fue-

459 4151 564 4211 rat,
597 4156 817 4195 annonas
839 4142 1113 4195 caritatem
1135 4160 1334 4199 summa
1353 4148 1526 4201 vilitas

1546 875 1696 940 plebs
1750 889 1895 940 aequo
1940 875 2107 924 animo
2146 873 2277 924 fert:
2346 877 2617 940 quiescere

1548 953 1778 1002 esuriens
1798 966 1899 1000 nou
1923 957 2113 1015 potest.
2182 952 2313 1001 Cum
2344 951 2505 1014 igitur
2538 949 2621 997 Si-

1548 1029 1667 1078 culo
1699 1025 1943 1076 adversus
1976 1026 2099 1074 Sex.
2135 1024 2444 1089 Pompeium
2478 1023 2621 1072 bello

1550 1102 1743 1152 caritas
1787 1098 1983 1151 effecta
2026 1108 2185 1162 esset,
2239 1099 2495 1149 vilitatem
2537 1112 2625 1147 re-

1551 1177 1705 1229 duxit
1746 1177 2029 1240 Augustus.
2100 1175 2187 1226 Ita
2225 1177 2473 1240 populum
2510 1174 2627 1238 pel-

1550 1253 1683 1304 lexit
1706 1267 1925 1302 annona.
1960 1253 2199 1303 Muretus.
2266 1251 2433 1300 Immo
2456 1249 2626 1300 multo

1552 1329 1713 1391 magis
1752 1327 2014 1377 frumento
2054 1327 2321 1391 gratuit03
2356 1325 2468 1375 baec
2486 1325 2629 1374 enim

1554 1407 1645 1456 illa
1665 1408 1803 1456 lenta
1826 1413 1881 1455 et
1904 1412 2160 1470 perpetua
2182 1404 2351 1468 plebis
2374 1404 2627 1452 Romana

1558 1483 1764 1533 vincula
1786 1483 2002 1533 escaria.
2050 1481 2263 1532 Suetou.
2290 1479 2629 1544 Octavio,4⁰.

1558 1563 1641 1610 41.
1676 1558 1963 1608 Gronovius.

1623 1635 1797 1684 Manio
1822 1634 2047 1696 Senatus,
2064 1632 2451 1694 magistratuum,
2474 1631 2633 1691 legum

1558 1714 1611 1762 iu
1628 1727 1679 1762 se
1696 1710 1909 1773 trahere]
1943 1710 2103 1762 Quasi
2124 1716 2324 1759 ceteros
2344 1708 2519 1757 labore
2542 1720 2636 1755 ex-

1560 1789 1821 1836 solveret:
1856 1787 1971 1849 ipse
1996 1799 2199 1834 omnem
2220 1783 2511 1832 molestiam
2534 1782 2636 1830 rei-

1561 1862 1706 1927 publ.
1729 1875 1884 1910 causa
1916 1860 1969 1908 in
1994 1875 2050 1909 se
2075 1857 2353 1909 transferre
2390 1849 2453 1908 ae
2474 1857 2637 1906 susci·

1565 1951 1693 2001 pere
1748 1935 1922 1985 vellet.
2004 1933 2317 1995 Legationes
2370 1939 2527 1982 autea
2578 1932 2639 1980 in

1563 2013 1765 2063 Senatu
1789 2009 1959 2060 audiri
1979 2009 2238 2058 solebant.
2305 2008 2423 2058 Hac
2450 2009 2641 2058 moles-

1566 2089 1643 2139 tia
1658 2087 1909 2136 Senatum
1932 2084 2173 2134 liberavit
2198 2083 2479 2147 Angustus.
2528 2082 2641 2133 Au-

1566 2163 1670 2213 diri
1711 2161 1919 2226 quidem
1946 2175 2035 2210 eas
2058 2159 2226 2210 voluit
2258 2167 2314 2209 et
2352 2160 2405 2208 in
2441 2159 2644 2209 Senatu

1567 2251 1951 2302 nonuunquam,
1978 2243 2037 2286 ut
2070 2236 2290 2284 Senatus
2328 2234 2524 2300 aliquid
2560 2241 2643 2284 ta-

1570 2329 1692 2364 men
1736 2325 1893 2378 agere
1936 2311 2240 2361 videretur:
2300 2310 2417 2359 sed»
2448 2310 2645 2375 pleras-

1572 2406 1675 2458 que
1733 2390 1891 2453 domi,
1960 2388 2143 2453 paucis
2202 2386 2467 2449 adhibitis,
2536 2386 2643 2449 ipsi

1572 2482 1689 2519 cum
1732 2466 2030 2528 videbatur,
2074 2463 2337 2514 audiebat.
2414 2462 2642 2512 Senatus

1574 2544 1641 2592 de
1664 2556 1813 2607 pace,
1832 2541 1897 2590 de
1919 2542 2079 2602 bello,
2114 2540 2181 2589 de
2214 2537 2497 2603 provinciis
2518 2536 2649 2587 deli-

1574 2620 1808 2671 berabat.
1874 2617 2016 2669 Quid
2036 2630 2167 2680 opus
2189 2622 2303 2665 erat
2326 2620 2432 2663 tam
2454 2614 2645 2663 multos

1576 2709 1726 2745 senes
1770 2698 1971 2743 tantum
2016 2692 2244 2741 laborem
2284 2702 2492 2754 capere,
2534 2694 2647 2739 tam

1578 2783 1730 2819 mane
1752 2766 2035 2817 convenire
2056 2767 2109 2815 in
2133 2766 2359 2830 Curiam,
2392 2772 2499 2815 tam
2521 2764 2653 2814 mul-

1582 2852 1637 2895 ta
1656 2846 1731 2895 ibi
1754 2844 1957 2908 audire,
1994 2850 2098 2893 tam
2129 2844 2294 2892 multa
2315 2841 2511 2905 dicere,
2541 2846 2651 2890 tam

1581 2921 1789 2986 vesperi
1826 2921 2033 2971 domium
2070 2916 2231 2970 fessos
2264 2924 2321 2967 et
2342 2918 2535 2967 viribus
2556 2930 2651 2966 ex-

1581 3001 1791 3049 haustos
1824 2997 2031 3047 redire?
2064 2995 2361 3046 valetudini
2385 3009 2563 3044 eorum
2587 3006 2653 3043 ac

1582 3076 1744 3143 quieti
1801 3074 2071 3139 prospexit
2128 3072 2411 3136 Augustus.
2490 3069 2655 3121 Domi

1582 3150 1698 3199 brec
1720 3164 1841 3199 cum
1863 3148 2043 3212 paucis
2064 3154 2297 3198 tractare
2324 3144 2504 3209 coepit.
2538 3144 2656 3193 Ma-

1585 3230 1894 3293 gistratuum
1927 3228 2069 3277 varia
2092 3243 2155 3277 ac
2176 3226 2451 3289 multiplex
2474 3236 2659 3289 procu-

1586 3308 1721 3359 ratio
1734 3313 1866 3356 erat.
1916 3306 2183 3371 Augustus
2202 3304 2521 3354 consulatum
2541 3300 2658 3366 qui-

1588 3384 1725 3446 dem,
1740 3384 1829 3448 qui
1852 3383 2145 3446 praecipuus
2161 3386 2279 3430 erat
2306 3378 2662 3443 magistratus,

1588 3460 1812 3524 sumpsit
1832 3460 1951 3521 sibi,
1972 3473 2090 3508 cum
2114 3457 2295 3519 voluit,
2312 3454 2555 3522 quamdiu
2570 3466 2662 3503 vo·

1589 3540 1689 3589 luit
1726 3544 1783 3588 et
1821 3538 2026 3604 quoties
2061 3537 2243 3586 voluit.
2293 3536 2427 3585 Nam
2474 3539 2532 3583 ut
2562 3544 2659 3580 noa

1593 3624 1813 3677 vestem,
1843 3612 2027 3662 sicilie
2046 3611 2389 3672 consulatum,
2428 3622 2545 3659 cum
2568 3620 2662 3656 vo-

1592 3693 1779 3754 luerat,
1803 3690 2065 3753 capiebat,
2090 3688 2405 3752 deponebat,
2434 3696 2665 3735 resume·

1594 3769 1684 3817 bat
1704 3784 1720 3828 3
1752 3781 1853 3817 neu
1874 3766 2091 3830 populus
2109 3764 2175 3812 de
2192 3763 2364 3813 dando
2386 3763 2435 3811 ei
2460 3762 2665 3824 collega

1592 3844 1843 3895 sollicitus
1889 3841 2045 3904 ἴοι-εἶ,
2090 3842 2203 3905 ipse
2245 3840 2345 3889 sibi
2386 3839 2663 3901 collegam,

1596 3934 1745 3987 quern
1766 3919 2006 3981 libuerat,
2019 3932 2119 3967 non
2138 3918 2226 3982 qui
2240 3931 2341 3966 una
2364 3917 2667 3978 imperaret,

1598 3996 1691 4045 sed
1724 3996 1815 4061 qui
1836 3996 2093 4059 imperata
2115 3992 2336 4056 faceret,
2364 3988 2668 4053 coeptabat.

1598 4071 1850 4136 Magnum
1866 4072 1919 4119 in
1936 4068 2169 4133 Republ.
2186 4082 2316 4118 onus
2338 4066 2533 4117 tribuni
2556 4065 2672 4128 ple-

1600 4146 1681 4199 bis
1736 4146 2081 4199 sustinebant.
2166 4144 2290 4211 lpse
2345 4143 2675 4197 tribunatum
