2897 4742
425 321 604 397 8782

423 485 667 538 Desitum
681 485 790 552 ja'm
829 487 1033 553 pridem
1055 488 1304 540 orationis
1328 499 1493 552 genus

425 564 594 626 ipsum
630 578 833 628 qnoque
870 565 1132 614 Tiberium
1169 563 1490 614 adverterat.

424 638 562 688 Tum
587 640 721 700 iile,‘
741 640 912 704 Audi,'
929 641 1111 705 inquit,
1131 641 1148 672 ‘
1164 641 1354 703 Caesar,
1368 641 1492 706 quid

426 714 518 776 sit,
562 715 698 779 quod
735 729 911 766 omnes
947 731 1044 766 nos
1087 717 1184 768 tibi
1225 729 1493 766 succense·

423 803 571 840 mus:
609 800 774 855 neque
809 797 978 842 tamen
1017 793 1289 858 quisquam
1324 791 1491 842 libere

347 897 354 902 ·
427 869 609 920 dicere
632 870 828 920 audet)
896 871 1286 921 cohorruerunt
1313 883 1491 920 omnes

425 944 747 1008 dubitantes,
775 961 878 1010 quo
903 947 1111 996 tandem
1147 960 1394 996 evasurus
1415 959 1491 995 es-

425 1027 524 1070 set.
589 1019 664 1070 At
699 1022 802 1080 ille,
835 1022 851 1050 ⁶
873 1021 1142 1086 Negligis,’
1163 1023 1352 1086 inquit,
1378 1021 1395 1049 ⁶
1415 1029 1494 1069 te-

423 1097 722 1161 metipsum,
775 1097 1081 1160 (dicendum
1135 1099 1271 1148 enim
1325 1099 1491 1148 libere

427 1171 533 1238 est)
570 1189 741 1238 neque
764 1175 1000 1240 corporis
1033 1176 1108 1226 tui
1133 1189 1308 1226 euram
1331 1176 1491 1225 ullam

424 1251 591 1313 geris:
626 1266 860 1302 maceras
904 1262 960 1303 te
1001 1253 1210 1304 assidue
1247 1253 1384 1304 curis
1427 1267 1491 1303 ae

420 1326 684 1377 laboribus
712 1344 871 1378 caiisa
887 1337 1070 1379 nostra
1091 1329 1378 1394 susceptis:
1399 1343 1493 1379 ne-

421 1419 528 1470 que
557 1405 788 1455 interdiu
825 1419 993 1471 neque
1025 1411 1184 1454 noctu
1222 1405 1493 1471 conquies-

424 1478 534 1530 cis!
573 1480 723 1530 Talia
748 1484 908 1530 multa
927 1482 1262 1531 continuante
1287 1495 1348 1532 ae
1366 1495 1491 1531 eon-

429 1565 646 1608 texente
669 1559 777 1620 illo,
803 1559 1007 1608 Cassius
1027 1559 1250 1608 Severus
1280 1559 1344 1608 ad
1378 1572 1488 1621 eos,

423 1633 512 1697 qui
529 1633 630 1683 sibi
643 1634 967 1696 adsidebant‚
975 1649 1272 1697 conversus,
1289 1636 1306 1662 ‘
1319 1638 1489 1688 Quam

421 1708 634 1772 metuo,’
657 1710 842 1773 inquit,
873 1713 888 1738 ⁴
911 1723 978 1758 ne
1013 1711 1099 1759 illa
1131 1709 1346 1760 libertas
1368 1711 1489 1760 huie

419 1784 612 1833 homini
633 1785 855 1834 exitiosa
878 1785 984 1834 sit!
1019 1787 1258 1834 Muretus.

489 1861 670 1923 Cos-pus
707 1859 932 1922 hameris]
1020 1861 1124 1912 Qui
1168 1860 1350 1922 honor,
1389 1861 1491 1910 nisi

419 1933 592 1999 fallor,
609 1936 767 1985 Sunae
791 1936 1000 1984 habitus
1033 1935 1200 1998 primo
1233 1935 1489 1984 Romano-

421 2024 554 2060 rum.
620 2009 918 2074 Appianum
941 2011 1059 2073 lege
1080 2023 1122 2058 1.
1145 2009 1299 2058 civil.
1333 2011 1469 2074 Lips.

488 2086 720 2135 Haueris
747 2084 1039 2147 senatvm]
1105 2087 1186 2134 Ex
1225 2084 1491 2150 eubiculo,

421 2162 476 2212 in
513 2177 614 2226 quo
647 2168 880 2212 mortuus
905 2168 1040 2224 erat,
1071 2161 1408 2226 quadraginta
1428 2163 1489 2210 ii-

419 2239 528 2288 ium
569 2239 870 2302 praetoriani
903 2239 1096 2290 milites
1131 2241 1185 2288 in
1224 2239 1487 2303 publicum

420 2317 731 2366 extulerant.
800 2316 932 2365 Inde
951 2315 1256 2365 decuriones
1277 2315 1487 2366 munici-

421 2393 619 2456 piorum
643 2398 700 2443 et
721 2392 1037 2443 coloniarum
1059 2392 1291 2444 Bovillas
1323 2407 1487 2457 usque

420 2468 852 2532 deportaverunt.
941 2469 1024 2518 lbi
1075 2478 1194 2519 eum
1245 2478 1489 2534 equester

420 2545 550 2594 ordo
563 2550 860 2609 susceptum
879 2546 933 2594 in
951 2546 1132 2595 urbem
1151 2546 1489 2609 intulerat,et

419 2622 476 2671 in
497 2620 752 2670 vestibulo
774 2620 956 2671 domus
981 2622 1282 2673 collocarat.
1333 2622 1490 2673 Unde

420 2702 694 2760 acceptum
715 2704 980 2747 senatores
1001 2699 1054 2747 in
1075 2699 1330 2763 Campum
1349 2700 1491 2749 Mar·

420 2774 552 2823 tium
591 2774 894 2825 intulerunt.
958 2775 1047 2824 Ita
1081 2776 1170 2841 qui
1204 2776 1353 2825 vivus
1381 2791 1489 2825 om-

417 2848 562 2905 nium
606 2849 905 2901 libertatem
950 2859 1306 2916 oppresserat,
1355 2867 1493 2903 mor-

417 2931 541 2975 tuus
563 2926 790 2976 omnium
809 2928 1048 2977 humeros
1065 2930 1273 2993 pressit.
1307 2930 1491 2979 Mar-et.

482 3002 691 3053 Roent‘sit
733 3002 922 3065 Goesar]
987 3004 1160 3055 Quid?
1213 3019 1316 3054 non
1361 3020 1491 3069 ergo

419 3082 616 3131 elatum
654 3094 843 3145 corpus
885 3083 1108 3133 humeris
1148 3084 1487 3135 Senatorum?

417 3158 517 3207 Est
558 3172 699 3209 vero.
785 3158 1090 3209 Suetonius:
1144 3160 1485 3210 ‘Senatorum

415 3230 640 3282 humeris
675 3232 879 3283 delatus
914 3235 966 3283 in
1007 3250 1252 3299 eampum
1291 3251 1487 3287 erema·

416 3306 638 3373 tuaque?
663 3339 674 3351 ·
706 3309 854 3358 Idem
879 3310 1002 3359 Dio.
1066 3309 1141 3359 At
1164 3312 1488 3363 Remittendi

415 3383 636 3437 verbum
659 3398 722 3434 eo
746 3385 906 3446 valet,
941 3392 1000 3435 ut
1036 3400 1136 3435 non
1175 3388 1245 3437 sit
1273 3388 1487 3441 factum.

415 3458 629 3511 Lib-tv.
665 3462 926 3511 ‘Remissa
963 3460 1219 3512 AEdilibus
1255 3465 1374 3515 talis
1396 3480 1485 3515 cu-

416 3536 514 3589 ra!
583 3537 698 3587 Lib.
749 3550 830 3587 xx.
875 3542 892 3566 ⁸
912 3538 1254 3590 Hortantibus
1297 3540 1485 3593 dehine

413 3613 642 3665 inediam
681 3620 738 3664 et
779 3616 948 3664 levem
972 3616 1187 3678 exitum,
1214 3618 1485 3668 remittere

413 3689 728 3743 beneficium
776 3692 1042 3742 Asiaticus
1098 3694 1207 3745 ait.'
1293 3695 1482 3745 Scribo

413 3779 560 3832 ergo,
577 3768 798 3831 permisit
823 3770 1007 3818 Coesar.
1053 3770 1154 3819 Sed
1179 3784 1291 3819 eam
1314 3771 1483 3835 ipsam

413 3842 799 3905 permissionem
847 3854 1174 3908 arrogantem
1214 3860 1327 3894 esse
1371 3848 1483 3897 vult

411 3916 662 3969 Tacitus:
687 3920 806 3983 quia
828 3934 923 3983 per
949 3922 1175 3984 speeiem
1197 3920 1481 3985 modestiae,

413 4000 472 4043 et
493 3995 640 4059 qnasi
666 4010 890 4057 pugnare
935 4010 1052 4045 eum
1082 3996 1275 4046 Senatu
1301 3999 1481 4060 nollet,

411 4064 594 4119 habuit
647 4072 1012 4134 amplissimum
1061 4071 1298 4122 ordinem
1343 4074 1481 4124 inter

410 4144 745 4209 vespillones.
823 4147 1000 4197 Simile
1043 4146 1170 4197 iilud
1215 4149 1252 4199 l.
1289 4162 1367 4198 vx.
1409 4148 1479 4199 de

413 4216 599 4286 Asinio
630 4219 818 4275 Galloz
847 4220 866 4251 ‘
883 4221 1268 4291 contritasque
1302 4223 1483 4277 Cesar

1125 339 1346 394 ²101·AE
1393 339 1799 396 vAmoRtm
1846 345 1931 398 m

1569 497 1633 536 an
1658 487 1869 552 sepeliri
1892 487 2109 551 sineret,
2128 501 2233 538 non
2270 487 2478 540 erubuit
2516 499 2644 554 pet*

1568 562 1813 613 mittere.'
1844 563 2057 626 Lipsius.

1630 637 1759 688 Aa.
1796 638 1881 686 De
1900 639 2226 688 correctione
2250 653 2385 689 nunc
2408 640 2639 706 ambigo,

1568 715 1691 780 quia
1731 714 1909 765 docuit
1948 731 2033 765 me
2074 717 2153 766 vir
2192 718 2279 768 ille
2314 719 2404 782 qui
2438 733 2641 783 omnes,

1568 791 1865 858 (Cujaeium
1920 793 2055 855 dico,
2090 809 2243 858 quem
2298 809 2452 845 nemo
2504 797 2637 847 satis

1568 884 1809 934 umquam
1834 870 2045 920 miratus
2068 879 2151 920 est
2184 871 2271 936 qui
2305 873 2477 935 cepit)
2496 887 2639 922 eam·

1568 945 1685 994 dem
1734 945 1835 994 vim
1878 945 2051 996 inesse
2093 946 2253 997 verbo
2300 948 2645 1010 Remittendi2

1568 1022 1821 1086 Exempla
1867 1022 2007 1085 apud
2055 1023 2222 1086 ipsum
2267 1023 2318 1072 in
2360 1025 2639 1087 postremis

1568 1097 2051 1149 observationibus.
2118 1101 2189 1148 Et
2210 1114 2332 1148 sane
2352 1100 2405 1148 in
2430 1101 2640 1152 Irenae

1566 1173 1725 1224 etiam
1748 1174 1877 1237 tegi:
1912 1175 1928 1204 ‘
1942 1175 2217 1226 Remittite
2234 1182 2463 1226 mortuos
2482 1191 2637 1240 sepe-

1567 1251 1663 1300 lire
1686 1258 1919 1301 mortuos
1941 1249 2097 1300 suos.’
2130 1251 2339 1316 Lipsius.

1632 1328 1783 1377 Credi
1804 1327 1959 1377 adhuc
1976 1327 2187 1390 servitii]
2254 1329 2385 1378 Cum
2407 1329 2634 1393 populns

1566 1405 1825 1454 Romanus
1843 1404 2171 1463 servitutem,
2193 1405 2245 1452 in
2280 1418 2431 1467 quam
2458 1407 2635 1469 paullo

1566 1488 1689 1532 ante
1726 1481 1972 1531 redactus
2010 1478 2204 1542 fuerat,
2234 1480 2461 1530 nondum
2500 1482 2637 1532 bene

1565 1559 1909 1620 concoxisset,
1928 1571 2097 1622 neque
2120 1557 2185 1606 ad
2220 1571 2333 1608 eam
2358 1558 2635 1620 occalluisss

1565 1641 1663 1684 set.
1702 1635 1940 1682 Muretus·

1629 1709 1797 1758 Senem
1848 1708 2136 1773 principem]

1566 1785 1803 1834 Mar-etas.

1630 1859 1801 1922 Longa
1818 1857 2057 1923 potentia]
2108 1859 2375 1909 Annorum
2398 1865 2481 1910 56.
2514 1862 2635 1912 Ma-

1562 1939 1709 1984 retus.

1628 2011 1763 2060 Car.
1786 2015 1835 2060 9.
1886 2011 2135 2074 Plerisque
2168 2026 2291 2060 rana
2322 2011 2630 2076 mirantibus]

1563 2087 1759 2136 Merito
1789 2087 2117 2137 admirationi
2140 2095 2260 2137 sunt
2282 2102 2365 2148 ea,
2386 2103 2503 2151 quae
2541 2098 2633 2142 aut

1562 2161 1703 2212 facta
1731 2176 1833 2212 non
1854 2170 1993 2227 sunt,
2014 2179 2133 2213 eum
2164 2179 2318 2213 eausa
2342 2173 2501 2228 esset,
2534 2179 2632 2215 cur

1562 2239 1839 2288 verisimile
1862 2247 2001 2289 esset
2019 2237 2217 2290 factum
2240 2241 2333 2302 iri;
2377 2245 2468 2289 aut
2490 2239 2633 2294 facta

1563 2323 1703 2379 sunt,
1722 2330 1839 2366 cum
1875 2330 2033 2366 causa
2054 2324 2211 2380 esset,
2243 2330 2337 2366 eur
2368 2315 2484 2365 fieri
2522 2332 2627 2367 non

1560 2400 1851 2457 oporteret.
1900 2394 2255 2459 utrorumque
2279 2396 2414 2444 enim
2434 2403 2489 2445 et
2509 2410 2631 2445 cau-

1561 2483 1619 2519 sa
1659 2470 1831 2534 aliqua
1866 2478 1969 2529 est,
1994 2476 2051 2519 et
2092 2471 2375 2533 ignoratur.
2442 2472 2629 2523 Causoe

1562 2553 1737 2595 antem
1772 2546 2023 2608 ignoratio
2052 2544 2439 2595 admirationem
2474 2547 2631 2610 parit.

1564 2620 1639 2671 At
1679 2620 1865 2685 vulgus
1905 2635 1971 2675 ea
2010 2635 2211 2686 quoque
2248 2621 2483 2685 miratur,
2506 2636 2629 2686 quo-

1564 2712 1676 2747 rum
1702 2712 1859 2748 causa
1899 2699 1952 2747 in
1997 2707 2241 2762 promptu
2276 2707 2373 2749 est.
2440 2699 2633 2750 Qualia

1562 2780 1699 2837 sunt,
1734 2788 1850 2837 qna
1888 2774 1971 2822 hie
2008 2782 2377 2825 commemorat
2392 2775 2629 2845 il'aeitus.

1562 2850 1800 2900 Muretus.
1942 2852 1951 2861 ‘

1631 2926 1768 2983 Quod
1788 2928 1915 3001 idem
1934 2928 2057 2991 dies]
2121 2928 2239 2979 Erit
2272 2927 2509 2991 fortasse,
2536 2929 2627 2994 qui

1561 3004 1645 3055 bic
1689 3004 1973 3067 adhereat,
2018 3004 2100 3053 cui
2157 3004 2466 3068 adjutorium
2507 3020 2625 3070 ego.

1559 3081 1781 3144 Triplex
1802 3081 1939 3130 enim
1960 3080 2097 3130 ratio
2132 3082 2437 3130 numerandi
2466 3082 2629 3146 impe·

1561 3158 1625 3207 rii
1664 3157 1953 3220 Augustaei.
2021 3158 2147 3215 Alii,
2184 3158 2513 3225 plurimique,
2554 3160 2625 3211 ab

1559 3232 1781 3283 Actiaca
1820 3246 1992 3296 pugna
2028 3241 2319 3295 numerant,
2338 3248 2453 3283 cum
2478 3236 2619 3285 vieto

1561 3310 1791 3363 Antonio
1808 3321 1990 3374 potens
2006 3310 2107 3361 fuit
2126 3313 2333 3376 imperii
2350 3314 2505 3365 solus.
2538 3316 2619 3368 Ea

1558 3401 1736 3451 pugna
1780 3395 2011 3451 pugnata
2056 3402 2133 3437 lv.
2172 3388 2348 3438 Nonas
2378 3388 2619 3453 Septem·-

1558 3462 1693 3513 bres.
1729 3462 1951 3515 Quidam
1976 3476 2007 3511 a
2022 3471 2172 3513 sexto
2194 3464 2307 3528 ejus
2326 3466 2621 3527 consulatu,

1556 3554 1673 3589 eum
1696 3540 1965 3603 imperium
1982 3540 2057 3588 iili
2076 3553 2107 3588 a
2121 3540 2315 3589 Senatu
2334 3540 2617 3603 firmatum,

1558 3614 1839 3679 datumque
1876 3596 2161 3679 cognomen
2196 3615 2439 3679 Augusti,
2472 3616 2620 3681 quasi

1556 3691 1597 3740 is
1636 3689 1855 3754 legitimi
1892 3690 2213 3753 principatus
2255 3694 2448 3755 primus
2484 3692 2619 3758 dies..

1553 3766 1619 3818 Id
1642 3766 1742 3815 fuit
1782 3763 2037 3816 vu.’idus
2072 3766 2286 3817 Januar.
2355 3768 2619 3833 Atqneea

1554 3844 1687 3895 ratio
1710 3844 2015 3893 numerandi
2037 3845 2315 3908 provinciis
2340 3844 2449 3895 fere
2472 3846 2619 3897 fami·

1554 3920 1710 3969 liaris.
1778 3918 1863 3969 Ita
1898 3920 1953 3968 in
1993 3920 2187 3983 lapide,
2210 3922 2299 3985 qui
2340 3922 2617 3975 Narbonez

1554 4008 1655 4045 vn.
1692 4007 1935 4047 Quoour..
1970 4008 2109 4047 mus.
2133 4009 2456 4047 unvanus.
2482 4011 2618 4050 Qus.

1554 4084 1666 4122 mn.
1690 4084 1933 4121 enixum.
1951 4084 2258 4123 intremunt.
2276 4086 2458 4125 onms.
2479 4088 2614 4127 'rna-

1556 4160 1771 4199 lumm.
1793 4158 2141 4202 ΑυεΡιοΛτω.
2162 4160 2273 4199 επ.
2294 4160 2509 4201 ruunt.
2530 4164 2619 4201 vt·

1556 4236 1651 4279 no.
1689 4234 2052 4277 suri-uenam.
2132 4222 2351 4276 Orosius
2384 4225 2617 4291 psallam

2220 1708 2489 1759 Annorum
2544 1714 2629 1762 76.
