2897 4742
758 299 907 377 ιη’.
950 325 1032 378 11.
1079 327 1243 377 cAr.
1288 309 1397 378 23.
1440 327 2002 377 nis'romsnum.
2302 301 2480 380 4199

232 468 403 519 inter
450 483 634 520 causas
673 472 897 522 abeundi
920 472 1145 522 Caeeiuae
1182 471 1342 522 fuisse

234 551 480 600 asserit.
562 551 640 600 At
682 566 883 614 vereor,
928 559 986 602 ut
1044 552 1343 602 florentissi-

238 638 407 674 mum
435 626 605 676 Italiae
630 628 767 676 latus
804 627 905 691 (sic
940 628 1173 692 appellat
1192 628 1345 677 Taci-

238 705 343 750 tus
397 716 521 765 sup.
566 717 615 752 c.
656 701 763 765 17.)
812 704 965 751 nullis
1008 702 1177 751 adhuc
1222 701 1345 751 belli

238 775 507 826 cladibus
530 777 775 838 accisam,
799 778 975 840 copias
998 792 1099 826 non
1129 774 1345 826 suffece-

240 851 329 901 rit
380 853 675 902 exercitui:
736 867 865 915 ergo
912 853 1085 900 malim
1132 854 1342 915 legere:

246 927 331 975 Et
372 928 575 977 Carina
595 928 705 988 jum
738 929 813 977 ira
842 934 889 978 et
918 931 1111 992 pudore.
1182 930 1267 978 Ira
1290 935 1347 979 et

242 1004 451 1069 pudor
470 1007 525 1054 in
548 1006 803 1068 ejusmodi
826 1005 1119 1056 infortuniis
1141 1005 1347 1056 indivisi

244 1077 383 1129 fere
406 1081 645 1130 comites.
679 1081 969 1131 Freinshem.
1038 1083 1241 1147 Lipsius
1266 1097 1347 1132 re-

243 1156 447 1218 ponit,
470 1155 625 1216 fame,
646 1164 703 1206 et
736 1157 865 1206 hanc
888 1171 1095 1223 quoque
1137 1173 1347 1208 causam

250 1232 551 1282 abscessus
592 1233 743 1282 dicit.
807 1234 911 1282 Sed
948 1242 1131 1283 contra
1172 1233 1349 1283 Taciti

252 1314 535 1370 mentem,
556 1309 643 1372 qui
676 1309 831 1371 paulo
868 1315 985 1370 post
1022 1323 1079 1357 se
1116 1309 1228 1372 ipse
1264 1323 1350 1356 ex·

254 1382 477 1446 plicat3
510 1397 569 1432 ae
588 1399 737 1433 canas
766 1385 1027 1448 irrisusque
1055 1385 1223 1434 iisdem
1254 1399 1353 1433 σαο-

254 1460 369 1508 tris
390 1459 650 1510 adsideret.
719 1461 885 1509 Recte
920 1475 975 1510 se
998 1459 1159 1509 habet
1193 1460 1351 1510 lectio

258 1535 513 1598 vulgata.
552 1537 701 1585 Fama
723 1551 825 1600 qua
846 1537 985 1600 apud
1007 1537 1132 1586 alios
1153 1538 1351 1586 lacera·

260 1609 475 1670 batum
525 1627 679 1677 quam
718 1613 985 1663 meliorem
1024 1614 1259 1662 excitare
1296 1627 1352 1661 se

260 1699 384 1736 non
408 1701 564 1751 posse
594 1688 945 1752 intelligebat,
968 1687 1063 1736 uisi
1090 1688 1205 1738 aliis
1228 1688 1353 1737 alibi

260 1759 491 1811 felicius
516 1764 771 1826 tentati„
802 1766 997 1826 pudore,
1035 1779 1139 1829 quo
1178 1765 1228 1814 iu
1263 1778 1353 1814 suo

264 1837 391 1902 ipse
420 1839 643 1902 judicio,
665 1839 903 1903 quotiens
932 1839 1218 1902 inspiceret
1238 1841 1354 1889 haee

244 1913 419 1978 βασι,
441 1914 697 1964 subeunte
735 1915 873 1964 irriti
914 1921 1130 1978 conatus
1162 1929 1354 1965 memo-

266 1987 379 2052 ria,
437 1990 607 2052 gravis
660 1991 759 2040 sibi
815 1992 1183 2055 molestusque·
1218 1997 1352 2042 erat.

268 2065 611 2115 Boxum-nius.
657 2066 849 2116 Forte:
874 2067 946 2114 Et
971 2067 1163 2115 Catina
1182 2069 1355 2116 damno

270 2145 327 2190 ct
358 2142 543 2204 pudore
574 2145 739 2204 eoeptoe
770 2148 943 2191 temere
976 2143 1355 2205 oppugnationis.

272 2218 525 2268 Justinus
568 2218 661 2267 lib.
702 2231 769 2268 n.
803 2219 819 2247 ‘
843 2219 1057 2273 amissis,
1086 2221 1357 2284 octoginta

274 2293 515 2343 millibus
552 2295 813 2344 homiuum
860 2295 1099 2358 trepidus
1141 2295 1357 2358 refugit,

278 2384 407 2435 quse
435 2371 653 2434 jactura
680 2374 823 2421 inter
860 2370 1049 2421 damna
1087 2380 1357 2422 numerata

278 2460 393 2497 non
417 2448 532 2497 est!
599 2449 883 2499 Gronovius.

358 2524 639 2573 Cremonam
672 2530 833 2588 petere
864 2525 1093 2589 intendit]
1128 2526 1231 2575 Vel
1252 2538 1355 2575 vox

282 2598 513 2661 intendit,
538 2600 619 2647 vel
658 2600 845 2664 altera,
876 2604 1057 2664 petere,
1080 2602 1225 2650 salva
1244 2612 1357 2648 sen·

284 2676 463 2724 tentia
485 2676 599 2725 tolli
622 2683 848 2739 poterat.
917 2678 1174 2727 Gruterus.

359 2752 619 2800 studidere
648 2767 701 2801 se
716 2752 911 2803 abeunti
934 2753 1173 2803 Turullius
1192 2753 1362 2803 Cerea·

288 2826 377 2889 lis]
442 2828 517 2876 Ut
558 2828 802 2892 penitiori
845 2831 1011 2879 lector
1050 2828 1359 2893 cognotione

287 2903 575 2967 frueretur,
612 2905 741 2955 utile
784 2903 969 2955 fuisset
1004 2904 1287 2967 addidisse,
1331 2918 1363 2952 a

290 2982 554 3045 Spurinna
574 2980 892 3032 defecissent
916 2996 981 3031 au
1006 2998 1038 3032 a
1062 2982 1217 3031 Gallo
1238 2982 1361 3031 allo-

292 3073 363 3107 ve
406 3058 665 3123 quopiam,
706 3066 763 3109 et
806 3074 923 3125 qnae
971 3060 1105 3109 istuc
1152 3058 1363 3109 fortuna

298 3134 592 3190 detulisset,
642 3136 872 3185 Savium.
940 3136 1236 3200 Ingeminat
1275 3134 1361 3185 hic

298 3210 440 3259 Flor.
455 3224 567 3259 sese.
601 3211 775 3275 Vulgo
792 3218 991 3262 tautum
1007 3227 1074 3264 se.
1110 3212 1361 3263 Pichena.

368 3288 502 3338 Car.
538 3292 620 3339 2⁸.
654 3288 907 3351 Bedriaci]
956 3290 1114 3340 Vicus
1156 3304 1365 3354 parvus,

301 3362 396 3413 sed
434 3364 635 3414 duabus
675 3366 917 3415 Romanis
956 3365 1189 3416 cladibus
1212 3366 1366 3429 insig-

300 3440 402 3502 nis,
420 3454 517 3489 uec
538 3440 799 3503 indignior
818 3441 965 3504 cujus
984 3456 1161 3491 verum
1178 3455 1365 3491 nomen

301 3517 549 3578 norimus,
571 3532 723 3581 quarn
760 3518 951 3567 Canna:
992 3525 1084 3568 aut
1119 3519 1369 3583 Philippi.

302 3593 477 3658 Vulgo
499 3593 785 3643 Rebi-iacun·
808 3595 1092 3659 appellant,
1114 3602 1271 3660 atque
1292 3596 1369 3645 ita

300 3668 571 3723 Juvenalis
612 3670 750 3733 libri,
793 3673 810 3700 ‘
832 3671 1079 3721 Bebriaci
1112 3672 1165 3720 in
1184 3686 1367 3735 campo

304 3746 527 3811 spolium
560 3745 831 3796 adfectare
864 3748 1067 3797 Palatl’
1102 3747 1177 3797 At
1199 3750 1366 3798 since-

306 3838 395 3872 rus
436 3822 525 3872 ille.
564 3823 739 3872 Vatic.
778 3824 1087 3885 Bedriacum,
1130 3838 1365 3889 semper:

306 3898 563 3965 quomodo
580 3904 637 3948 et
650 3898 701 3947 iu
722 3899 935 3949 clariss.
952 3901 1197 3950 Sambuci
1212 3902 1372 3965 serip-

306 3982 365 4024 to
386 3975 569 4025 codice
591 3982 803 4025 exstare
822 3976 1065 4038 cognovi,
1086 3990 1203 4025 cum
1226 3976 1373 4025 stric-

309 4052 405 4100 tim
440 4066 557 4103 eum
591 4052 808 4101 Vienna!
846 4050 1103 4100 vidissem.
1183 4052 1246 4101 Iu
1287 4067 1375 4102 ve·

310 4125 465 4176 tastis
482 4126 719 4177 Suetonii
749 4126 911 4189 libris,
928 4125 1223 4192 Betriacum,
1244 4125 1375 4178 dici·

310 4210 430 4254 tnr:
465 4203 601 4253 sicut
620 4208 677 4253 et
698 4202 751 4251 in
774 4200 1081 4267 Plutarcho,
1100 4202 1393 4269 nmmum»,

1416 471 1628 535 πολίχνη
1663 470 1867 530 πλησίον
1900 468 2162 534 Κρεμώνης.
2211 470 2247 521 J
2255 469 2482 522 uvemlis

1417 549 1677 612 interpres
1721 563 1872 613 quam
1911 553 2154 610 nugatur,
2185 547 2274 611 qui
2307 546 2480 598 vicum

1400 626 1554 675 ·hunc
1601 625 1898 688 Campaniae
1945 623 2102 673 faciti
2155 625 2206 673 in
2251 625 2360 673 Sat.
2391 635 2482 676 ιιι.

1418 703 1435 731 ⁴
1459 701 1753 761 Othonem‚'
1786 701 1970 765 iuquit,
2003 704 2018 728 ⁸
2042 699 2180 748 bello
2213 699 2356 748 civili
2392 699 2484 748 Vi-

1420 779 1596 828 tellius
1643 777 1769 826 vicit
1805 775 1940 840 apud
1983 776 2294 826 Bebriacuui
2333 776 2486 826 cain-

1419 853 1627 917 paniae.'
1695 852 1858 917 Atqui
1889 857 2068 901 nostor
2089 852 2261 900 clare:
2297 851 2312 880 ‘
2339 851 2488 901 Inter

1420 932 1725 980 Cremonam
1755 931 2118 992 veronamque
2157 927 2284 978 situs
2321 934 2405 976 est
2441 926 2488 976 is

1419 1006 1567 1055 vicus
1586 1005 1620 1054 :'
1651 1013 1708 1054 et
1741 1005 1854 1068 ipse
1875 1004 2188 1054 scholiastes
2216 1017 2336 1053 mox
2357 1000 2491 1052 fate-

1422 1089 1527 1132 tur.
1595 1081 1856 1144 Corrupta
1899 1095 1964 1130 ea
2003 1079 2165 1128 verba
2205 1079 2386 1143 igitur,
2429 1085 2488 1130 et

1422 1157 1664 1222 scripsit:
1698 1159 1822 1220 apud
1840 1156 2070 1206 Bedriaci
2089 1170 2317 1218 campum.
2371 1155 2489 1204 Ma·

1421 1232 1613 1283 nifesto
1666 1232 1806 1282 enim
1855 1231 2030 1280 allusit
2079 1230 2352 1281 Juvenalis
2405 1229 2489 1279 sui

1424 1323 1649 1371 versum,
1703 1308 1718 1335 ‘
1741 1306 1986 1357 Bedriaci
2042 1321 2226 1368 campo
2269 1304 2491 1369 spolium

1424 1385 1674 1436 affectare
1712 1383 1935 1434 Palat1.'
1997 1381 2152 1436 Quod
2191 1388 2366 1431 autem
2399 1379 2491 1436 adr

1426 1463 1650 1512 texitur:
1700 1464 1716 1491 ⁴
1739 1461 1940 1510 Horum
1979 1459 2176 1508 bellum
2219 1456 2490 1508 Cornelios

1424 1539 1633 1602 scripsit
1667 1545 1722 1587 et
1755 1537 2034 1600 Pompeius
2071 1536 2281 1597 Planta,
2306 1533 2394 1598 qul
2417 1533 2494 1582 ait

1425 1613 1740 1664 Bebriacom
1785 1613 1958 1660 vicum
2003 1625 2121 1658 esse
2167 1623 2200 1658 a
2237 1610 2495 1658 Cremona

1428 1691 1674 1740 vicesimo
1726 1687 1937 1754 lapide.'
2021 1689 2155 1737 Sane
2191 1686 2492 1736 Cornelium

1424 1766 1564 1816 hunc
1605 1772 1838 1815 nostrum
1881 1763 2176 1826 intellegit:
2211 1761 2493 1824 Pompeius

1425 1842 1516 1891 ille
1535 1843 1650 1907 quis
1671 1841 1760 1904 sit,
1775 1841 2004 1892 210an
2027 1838 2253 1903 repperi.
2295 1837 2430 1900 Lipa.

1493 1917 1630 1967 Situs
1651 1921 1718 1966 est
1740 1916 1892 1980 ciens]
1922 1916 2230 1976 Bedriacum,
2249 1914 2324 1962 ait
2341 1911 2500 1962 Scho-

1428 1992 1602 2043 liastes
1635 1992 1926 2054 Juvenalis,
1962 1992 1977 2019 ‘
2001 1991 2141 2040 vicus
2185 1996 2266 2039 est
2303 2002 2334 2038 a
2372 1988 2498 2038 Cre·

1426 2083 1581 2119 mona
1601 2070 1847 2119 vicesimo
1867 2066 2080 2132 lapide!
2147 2066 2377 2116 Servilius.

1497 2146 1656 2195 Notas
1676 2143 2027 2210 infaustaeque]
2081 2143 2188 2192 Per
2221 2149 2498 2208 utramque

1430 2219 1634 2270 cladem
1655 2219 1903 2283 intelligit
1924 2220 2026 2269 duo
2053 2218 2252 2281 praelia,
2275 2218 2498 2266 alterum

1430 2295 1568 2345 inter
1583 2295 1842 2345 Othonem
1869 2301 1923 2343 et
1937 2294 2228 2355 Vitellium,
2239 2292 2378 2358 quod
2398 2293 2500 2343 hoc

1431 2371 1566 2421 libro
1587 2369 1894 2436 exequitur-‚3
1929 2370 2150 2419 alterum
2170 2369 2310 2419 inter
2332 2368 2502 2419 vitel-

1430 2449 1596 2499 lianos
1617 2455 1673 2498 et
1697 2449 1989 2510 Flavianos,
2010 2446 2093 2496 cui
2115 2460 2336 2510 sequens
2366 2446 2503 2497 liber

1432 2525 1745 2586 destinatur,
1767 2528 1824 2574 et
1845 2524 2152 2588 plerumque
2192 2528 2398 2587 sumpto
2431 2536 2501 2573 ex

1431 2616 1492 2651 re
1528 2601 1736 2650 nomine
1773 2601 2100 2651 Cremmsis
2131 2600 2294 2665 praelii
2325 2601 2504 2663 venit3

1433 2678 1574 2742 quod
1605 2678 1702 2727 sub
1734 2679 1999 2728 Cremona:
2025 2684 2134 2728 tum
2155 2679 2316 2729 muris
2341 2677 2507 2729 fuerit

1432 2760 1740 2819 pugnatum,
1770 2753 2018 2805 vicesimo
2073 2770 2105 2804 a
2134 2756 2394 2806 Bedriaco
2429 2756 2504 2806 la»

1435 2830 1579 2893 pide,
1599 2830 1698 2880 etsi
1729 2830 1878 2878 initia
1910 2830 2268 2879 velitationum
2305 2831 2504 2882 incide·

1436 2907 1544 2955 rint
1575 2906 1628 2954 in
1663 2911 1906 2955 octavum
1929 2904 2141 2955 circiter
2181 2922 2213 2955 a
2243 2906 2502 2959 Bedriaco

1434 2982 1682 3048 lapidem,
1693 2982 1836 3033 Hist.
1849 2994 1936 3033 ιιι.
1954 2982 2214 3046 Priorque
2231 2980 2510 3035 conflictus

1438 3060 1673 3111 evenerit
1693 3060 1850 3123 longe
1882 3073 1914 3107 a
1950 3058 2230 3121 Bedriaco,
2257 3060 2274 3087 ‘
2292 3059 2507 3108 immen-

1438 3154 1549 3188 sum
1585 3137 1638 3187 id
1682 3135 1940 3199 spatium,’
1976 3135 2148 3201 inquit
2181 3136 2413 3197 Tacitus,
2447 3141 2508 3186 et

1439 3211 1840 3264 verisimilitudo
1893 3212 1936 3261 si
1993 3225 2097 3261 non
2143 3208 2301 3273 fallit,
2343 3211 2509 3262 multa

1440 3292 1682 3341 milliaria
1701 3290 2047 3353 complexum,
2069 3295 2129 3339 ut
2150 3290 2274 3339 alibi
2307 3288 2508 3355 planius

1438 3366 1768 3416 discutietur.
1832 3364 2075 3415 savinian.

1508 3442 1662 3493 Novis
1699 3440 1922 3492 subsidiis
1939 3440 2159 3506 ιΙίνιιιοιέἰ]
2215 3440 2410 3505 Scripsi
2441 3454 2510 3491 ex

1441 3520 1585 3571 Flor.
1607 3518 1848 3571 subsidiis.
1910 3518 2101 3581 Vulgo,
2117 3516 2374 3580 presidiis.
2420 3516 2510 3566 Pi-

1444 3596 1629 3645 chena.
2421 3630 2426 3637 .

1513 3670 1688 3720 Omnia
1699 3667 2018 3733 quecumque]
2043 3668 2233 3717 Rarum
2255 3667 2354 3719 hoc
2370 3668 2512 3731 apud

1447 3749 1676 3798 Latinos.
1712 3746 1976 3796 Fer-reim.
2043 3743 2314 3797 Quomodo
2333 3744 2514 3794 locuta

1446 3824 1612 3875 omnis
1650 3822 1961 3886 antiquitas:
2017 3827 2077 3870 et
2115 3818 2292 3869 Gra-ci
2326 3817 2513 3869 eodem

1447 3902 1602 3951 modo
1637 3896 1772 3947 πένθ’
1816 3896 1925 3955 ὅσα.
1982 3898 2245 3945 Mei-cerus.
2321 3894 2516 3958 Inepta

1446 3978 1626 4041 lectio,
1663 3990 1814 4041 quam
1863 3974 1936 4022 ita
1977 3974 2258 4021 restituere
2298 3977 2515 4035 tentem,

1446 4056 1608 4104 omnia
1627 4055 1794 4102 mam
1804 4050 1962 4111 suctu.
1995 4049 2184 4098 Ducam
2202 4046 2330 4095 illud
2352 4044 2514 4098 facile

1448 4132 1526 4181 ita
1547 4128 1810 4193 corrumpi
1831 4126 2022 4191 potuit,
2043 4134 2102 4173 ut
2121 4124 2296 4173 deleta
2310 4125 2362 4173 vi
2383 4130 2516 4175 tem-

1451 4206 1594 4273 poris
1614 4206 1785 4256 literae
1815 4204 1850 4253 d
1875 4202 1931 4255 in
1961 4199 2124 4252 altum
2145 4198 2392 4253 tendente
2411 4199 2520 4255 viva
2621 4248 2628 4256 .
