2897 4742
465 311 642 380 8⁷88

463 471 689 522 runtium
713 480 769 523 et
791 473 1068 524 Haterium
1107 481 1164 526 et
1195 483 1420 539 ceteros,
1441 479 1529 542 qui

459 548 840 612 captandorum
881 557 1308 602 testamentorum
1360 561 1529 604 artem

463 623 688 688 professi
717 633 853 688 sunt,
883 641 988 676 non
1028 637 1180 692 putas
1221 631 1403 680 eadem
1439 633 1528 680 ba-

463 699 610 762 bere,
627 715 746 765 quae
767 701 1130 767 designatores
1143 712 1199 756 et
1220 706 1529 758 libitinarios

463 781 587 824 vota
601 775 636 823 θ’
666 775 774 825 Sed
796 776 954 828 alium
977 779 1043 829 ab
1065 780 1185 842 isto,
1222 783 1424 846 opinor,
1454 785 1529 832 in-

461 850 672 914 tellegit
706 850 938 904 Seneca:
975 856 1066 920 qui
1105 857 1202 907 sub
1235 859 1362 908 Caio
1383 874 1528 924 mag-

462 939 578 988 nus,
611 935 670 977 et
701 929 788 993 qui
835 936 957 980 ante
989 947 1181 996 praeco.
1241 936 1527 1001 Josepbum

462 1003 584 1052 vide
601 1015 723 1054 xix.
738 1006 923 1073 Antiq.
941 1023 988 1060 c.
1007 1013 1056 1059 1.
1075 1011 1173 1061 sub
1193 1011 1368 1062 finem.
1391 1013 1525 1078 Lips.

527 1091 762 1158 Divum,
792 1097 1084 1162 promptum]
1137 1099 1328 1150 Cicero
1363 1101 1526 1153 famil.

461 1167 630 1232 Epist.
661 1183 727 1221 n.
767 1175 848 1221 18.
895 1175 912 1202 ⁸
939 1180 1044 1224 tres
1081 1174 1294 1240 fratres,
1332 1193 1529 1230 summo

458 1244 575 1294 loco
594 1252 766 1310 natos,
783 1256 1068 1312 promptos,
1086 1265 1189 1301 non
1209 1252 1531 1307 indisertus!

461 1319 578 1371 Lib.
601 1335 667 1373 ιι.
703 1323 757 1372 in
779 1325 1028 1376 Verrem:
1061 1327 1078 1355 ‘
1103 1327 1402 1381 Heraclium
1439 1333 1528 1383 lio-

458 1396 650 1448 minem
715 1411 831 1450 esse
906 1402 1154 1466 maJorem
1213 1412 1360 1470 natu,
1421 1423 1529 1459 non

459 1474 938 1539 promptissimum:
1005 1477 1117 1529 Lib.
1145 1493 1220 1531 tv.
1267 1483 1284 1510 ‘
1323 1483 1384 1532 C.
1425 1484 1527 1534 Ca·

460 1549 613 1613 curii,
648 1553 1022 1615 promptissimi
1054 1557 1270 1607 hominis
1293 1566 1350 1610 et
1373 1576 1529 1626 expe-

457 1624 676 1678 rientis?
718 1628 956 1679 Justinus
977 1631 1067 1682 lib.
1085 1645 1228 1682 xxxx.
1249 1634 1268 1662 ‘
1289 1649 1356 1684 ex
1373 1637 1527 1700 plebe

461 1713 668 1765 qnoque
681 1702 1115 1767 locupletissimos
1131 1715 1186 1758 et
1204 1713 1529 1775 promptissi-

461 1787 570 1825 mos
591 1776 876 1830 interficit:
906 1779 1150 1846 Agricola
1168 1801 1183 1832 z
1217 1787 1234 1812 ⁸
1255 1789 1530 1851 promptis-

454 1849 615 1900 simus
631 1854 850 1919 quisque
881 1857 1078 1907 saevitia
1096 1859 1348 1925 principis
1369 1863 1530 1914 inter-

455 1926 735 1980 ciderunt!
803 1933 1082 1982 Gronovius.

522 2003 732 2053 Avidum
749 2010 798 2054 et
819 2007 1068 2070 minorem]
1101 2009 1312 2060 Mureto
1347 2012 1541 2063 adsen-

457 2077 609 2126 serim
653 2080 866 2146 legenti,
905 2082 1115 2147 avidam,
1162 2087 1244 2134 sed
1283 2088 1528 2139 mantem.

458 2151 707 2203 Picbena.

523 2229 720 2280 Siecsus
739 2234 954 2300 daretur]
985 2237 1190 2301 Nempe
1229 2255 1260 2289 a
1297 2239 1527 2294 fortuna.

457 2305 905 2360 Quemadmodum
967 2312 1058 2362 lib.
1098 2328 1189 2365 xv.
1260 2319 1278 2346 ⁸
1305 2317 1525 2370 Quoties

457 2381 665 2433 senuna
703 2394 888 2436 contra
925 2388 1077 2441 daret
1095 2391 1128 2441 :'
1165 2400 1293 2457 puta
1331 2410 1527 2447 casnm.

461 2459 508 2509 A
546 2460 790 2513 Sallustio
829 2464 882 2513 in
923 2465 1174 2532 J'ugurtb.
1222 2471 1237 2498 ‘
1266 2470 1525 2523 fortunam

457 2534 557 2584 illis
589 2538 830 2600 praeclari
865 2540 1110 2592 facinoris
1149 2560 1326 2596 casum
1363 2548 1525 2600 dare?

456 2609 592 2661 Vide
616 2612 680 2661 ad
707 2614 908 2665 Livium
931 2630 1067 2668 xxx.
1087 2624 1168 2669 8⁰.
1227 2624 1422 2673 Noster
1445 2639 1523 2676 xr.

457 2686 474 2715 ‘
497 2700 648 2737 casus
695 2688 988 2741 Mithridati
1035 2693 1187 2745 datus
1232 2704 1316 2747 est
1377 2715 1529 2750 occu-

458 2762 619 2825 pandi
643 2762 978 2818 Armeniam!
1045 2770 1160 2819 Lib.
1185 2785 1312 2822 xm.
1347 2776 1364 2803 ‘
1391 2774 1525 2826 bene

457 2837 703 2901 gerendae
725 2840 799 2888 rei
823 2855 998 2892 casnm
1024 2842 1234 2897 offerri?
1267 2849 1527 2901 Quorsum

457 2924 601 2977 ergo,
620 2914 664 2963 si
685 2930 819 2964 ems
838 2919 992 2982 daret,
1011 2921 1060 2969 vi
1080 2936 1319 2973 anunm.
1355 2927 1523 2979 Gron.

523 2990 761 3041 Haterius
793 3008 899 3042 cum
933 2996 1158 3062 dixisset]
1193 3000 1526 3053 Ostendebat

455 3066 592 3116 enim
614 3070 871 3132 cognitam
896 3073 990 3121 sibi
1013 3086 1124 3124 esse
1145 3077 1525 3131 simulationem

453 3142 672 3206 Tiberii,
723 3147 813 3209 qui
857 3149 1018 3197 vellet
1063 3152 1272 3215 quidem
1317 3157 1525 3206 omnino

453 3220 731 3284 imperare,
771 3223 861 3271 sed
894 3226 1235 3288 cupiditatem
1265 3244 1410 3281 suam
1445 3240 1524 3282 te-

456 3303 624 3360 geret.
713 3297 776 3346 Id
821 3300 1148 3362 significabat
1191 3320 1384 3369 genere
1431 3308 1522 3357 illo

453 3372 720 3437 loquendi,
755 3374 1006 3439 Quousque
1021 3380 1244 3441 patieris,
1283 3385 1431 3446 quasi
1454 3383 1520 3435 de

453 3462 514 3499 re
551 3452 603 3500 in
625 3467 778 3501 manu
815 3468 876 3503 ac
911 3464 1172 3520 potestate
1203 3460 1396 3511 Tiberii
1429 3476 1521 3525 po-

454 3527 574 3577 sita.
609 3528 846 3580 Muretus.

520 3604 633 3653 Non
654 3608 814 3655 adesse
834 3614 976 3671 caput
999 3609 1166 3675 Reip.]
1195 3612 1519 3664 Sententiam

453 3680 630 3743 potius
651 3680 704 3730 in
727 3682 824 3732 hoc
863 3685 979 3733 loco
1003 3687 1324 3750 expedimus,
1365 3704 1518 3754 quam

453 3755 631 3806 verba.
701 3759 883 3809 Lectio
900 3776 1050 3825 quam
1071 3765 1236 3826 posui,
1252 3781 1283 3814 a
1299 3766 1520 3817 Ferreto

449 3836 550 3893 est,
572 3834 658 3896 qui
683 3844 946 3886 asseverat
969 3838 1021 3885 in
1051 3838 1312 3891 Medicaeo
1333 3844 1518 3894 codice

453 3905 528 3955 sic
571 3910 840 3973 scriptum.
929 3914 1000 3962 Et
1042 3928 1138 3963 cur
1181 3917 1518 3982 ambigimus?

451 3980 728 4034 Sententia
776 3988 949 4037 hercle
985 3994 1350 4053 pet-commoda
1399 4004 1513 4047 est:

449 4055 706 4110 offensum
739 4063 1021 4127 Tiberium,
1054 4082 1146 4131 pro
1185 4072 1380 4136 reliqua
1421 4088 1517 4125 sua

451 4136 722 4199 modestia,
738 4142 874 4202 quod
897 4150 1039 4205 caput
1062 4144 1202 4209 Κάρ.
1225 4149 1516 4199 nominare-

451 4216 560 4273 tur,
615 4213 708 4279 qui
752 4220 1012 4283 tamquam
1057 4220 1226 4273 veteri
1269 4224 1517 4278 libertate

1173 333 1392 386 NOTAE
1436 336 1850 390 vuuomm
1900 335 1991 390 11<-

1608 493 1739 528 unus
1760 481 1925 532 vellet
1958 495 2073 533 esse
2106 473 2139 534 e
2174 485 2367 537 multis.
2434 487 2553 539 Nee
2588 485 2689 540 abt

1601 556 1757 606 surde
1778 558 1966 621 legeris
1988 574 2021 609 e
2036 562 2281 626 vulgatis,
2302 577 2395 614 m
2416 577 2516 616 esse
2531 572 2685 632 m

1602 636 1653 682 te
1674 631 1853 697 Rem?
1886 635 2109 700 Lipsius.

1670 709 1781 758 Non
1816 712 1979 761 adesse
2012 719 2154 777 caput
2186 715 2485 782 reipublice]
2516 720 2681 772 Dicit

1602 785 1703 835 hoc
1737 787 1944 851 quidem
1973 789 2237 853 Ferretns‚
2278 793 2371 844 scd
2409 795 2547 846 alind
2590 797 2685 848 Pt-

1604 861 1769 910 citena
1790 869 2036 926 testatur,
2054 866 2127 915 ibi
2150 867 2253 928 legi
2270 879 2552 935 corrupte3
2586 889 2685 924 non

1602 937 1763 988 edesse
1780 945 1921 1003 eaput
1944 945 1993 992 te
2012 943 2285 1006 reipublice
2296 961 2316 1004 ‚-
2350 950 2685 1012 quemadmo-

1605 1013 1729 1064 dum
1768 1016 2079 1080 vnigabatur
2112 1021 2252 1085 olim,
2291 1032 2569 1090 antequam
2610 1029 2678 1078 B.

1605 1089 1879 1141 Rhenanus
1902 1095 2209 1160 conjiceret,
2244 1100 2383 1162 qnod
2416 1115 2553 1152 nnnc
2590 1105 2685 1153 ba·

1604 1166 1778 1217 betur.
1846 1170 1945 1220 Cui
1982 1172 2191 1222 omnino
2232 1175 2675 1240 acquiescendum

1604 1257 1813 1308 censeo,
1826 1251 1885 1295 et
1902 1238 2049 1309 illud,
2062 1263 2156 1298 non
2172 1265 2271 1300 esse
2286 1258 2427 1316 caput
2442 1257 2510 1315 te,
2517 1255 2681 1318 juxta

1604 1319 1843 1370 miserum
1869 1337 1931 1372 ae
1954 1337 2391 1387 supervacaneum
2404 1329 2587 1392 judico
2612 1345 2679 1382 ac

1605 1395 1889 1460 Vertranii,
1938 1415 2033 1449 m
2080 1417 2179 1452 esse
2232 1407 2360 1468 apud
2412 1411 2463 1456 te
2512 1413 2677 1471 caput.

1602 1472 1769 1538 AEque
1820 1474 2065 1542 replemus
2098 1479 2339 1531 Muretus
2394 1496 2510 1532 cum
2559 1498 2681 1548 suo,

1602 1551 1763 1600 «dene
1780 1558 1925 1616 caput
1952 1553 2244 1620 reipublice,
2282 1573 2401 1622 que
2422 1561 2489 1610 sit
2520 1567 2678 1611 vetus

1605 1625 1865 1688 scriptura
1908 1643 2003 1692 pro
2045 1632 2221 1681 dcem.
2312 1634 2451 1687 Quid
2496 1651 2679 1701 qna-so

1604 1699 1772 1764 opus?
1806 1712 1896 1753 aut
1918 1705 2042 1769 quid
2079 1708 2246 1756 minus
2280 1714 2380 1771 est,
2406 1725 2501 1760 noa
2522 1713 2680 1776 adest,

1606 1790 1759 1841 quam
1780 1777 1949 1830 deest?
2000 1781 2165 1832 Immo
2196 1785 2375 1835 nescio
2410 1787 2535 1851 quid
2560 1801 2679 1852 gra·

1608 1851 1721 1901 vius
1742 1859 1798 1903 et
1816 1856 2023 1906 suavius
2044 1859 2097 1906 in
2122 1859 2237 1908 isto.
2274 1861 2459 1910 Cicero
2475 1863 2647 1913 Bruto
2662 1879 2679 1914 z

1604 1927 1622 1954 ‘
1644 1927 1951 1994 Intelligens
1976 1924 2181 1982 dicendi
2218 1937 2549 1987 existimator
2570 1951 2677 1988 nno

1606 2011 1827 2066 aspectu
1874 2012 1931 2054 et
1984 2009 2287 2071 proeteriens
2336 2011 2407 2059 de
2463 2021 2677 2063 oratore

1606 2092 1747 2142 saepe
1760 2079 1985 2142 judicat.
2050 2083 2213 2133 Videt
2246 2087 2552 2138 oscitantem
2582 2090 2676 2154 ju-

1604 2153 1775 2204 dicem
1818 2156 2118 2222 loqueutem
2164 2175 2281 2209 cum
2336 2163 2523 2225 altero,
2568 2169 2674 2216 dte.

1606 2232 1855 2298 intelligit
1889 2243 2151 2288 oratorem
2188 2239 2239 2288 in
2280 2255 2342 2290 ea
2376 2255 2535 2291 causa
2568 2257 2675 2294 non

1602 2308 1807 2374 adesse,
1866 2313 1953 2377 qui
2000 2316 2165 2377 possit
2204 2318 2385 2368 animis
2425 2320 2674 2385 judicum

1603 2389 1879 2442 admovere
1932 2396 2238 2462 orationem,
2288 2402 2425 2450 sicut
2478 2400 2673 2453 fidibus

1602 2468 1848 2517 manum.'
1906 2470 2190 2521 Gronoviu.
2258 2474 2371 2540 Ego
2416 2478 2569 2527 aliter
2607 2492 2673 2529 ac

1600 2540 1807 2604 Lipsius
1850 2543 2201 2609 interpretor:
2258 2552 2459 2602 scilicet
2512 2552 2679 2605 offen-

1602 2630 1715 2664 sum
1735 2618 2014 2684 Tiberium,
2034 2636 2135 2671 non
2158 2626 2298 2688 quod
2320 2634 2459 2691 caput
2482 2630 2674 2693 reipub-

1598 2690 1703 2740 lice
1718 2695 2090 2761 nominaretur,
2106 2700 2199 2749 sed
2216 2702 2353 2766 quod
2374 2712 2511 2754 artes
2530 2720 2673 2771 suas,

1602 2782 1730 2831 quas
1762 2772 1989 2821 maxime
2027 2776 2257 2826 occultas
2283 2779 2461 2841 veliet,
2494 2780 2673 2847 detegi

1601 2840 1839 2892 videret:
1908 2849 2051 2910 quasi
2108 2849 2305 2903 dixerit
2374 2856 2629 2909 Haterius
2650 2872 2669 2907 ε

1602 2918 1865 2970 Quamdiu
1890 2926 2060 2986 rogari
2080 2926 2193 2976 vis?
2224 2930 2435 2981 nimium
2466 2947 2558 2982 nos
2582 2933 2672 2984 de·

1600 2994 1757 3061 tines,
1790 3010 1851 3047 ac
1892 3000 2178 3053 ludificaris
2220 3004 2331 3055 istis
2368 3009 2671 3073 ambagibus

1602 3071 1737 3121 tuis:
1772 3087 1840 3123 ne
1864 3076 2083 3138 amplius
2106 3078 2414 3146 dissimules,
2452 3086 2543 3134 sed
2555 3086 2671 3149 jam

1598 3148 1781 3211 accipe
1834 3150 2121 3214 imperium.
2216 3158 2456 3210 Fortasse
2508 3164 2669 3213 etiam

1598 3224 1895 3286 suspicatus
1916 3235 1998 3277 est
2018 3229 2251 3282 Tiberius
2274 3235 2411 3285 idem
2434 3236 2546 3288 fere
2568 3240 2669 3289 sibi

1600 3298 1876 3351 Haterium
1931 3306 2151 3356 voluisse
2203 3316 2363 3375 atque
2418 3314 2523 3375 ille,
2576 3316 2668 3381 qui

1596 3375 1852 3428 Suetonio
1872 3380 2134 3433 referente
2159 3385 2210 3434 in
2232 3388 2316 3436 Ti.
2340 3403 2389 3438 c.
2407 3394 2488 3440 28.
2510 3391 2667 3457 dixit,

1598 3453 1613 3480 ‘
1642 3452 1753 3504 Aut
1806 3464 1931 3519 agat
1984 3466 2075 3508 aut
2130 3460 2382 3515 desistat!
2436 3468 2667 3521 Picum

1597 3529 1742 3578 Bene
1760 3532 2137 3598 interpretatur
2170 3540 2391 3603 Lipsius.
2447 3544 2499 3593 Si
2524 3545 2665 3595 enim

1598 3622 1653 3657 se
1694 3606 1895 3659 fatetur
1930 3614 2231 3677 reipublicae
2270 3630 2447 3685 caput,
2484 3622 2666 3674 abolet

1598 3698 1700 3733 una
1722 3700 1922 3737 omnem
1958 3698 2271 3753 potestatem
2311 3706 2534 3748 senatus.
2606 3700 2661 3752 Is

1597 3763 1731 3809 enim
1746 3776 1921 3813 verum
1943 3768 2144 3831 imperii
2161 3780 2346 3836 caput:
2366 3775 2503 3824 unde
2516 3776 2665 3828 Otho

1596 3836 1739 3888 Hist.
1763 3852 1801 3887 1.
1825 3844 1902 3891 84.
1937 3844 1953 3870 ‘
1982 3844 2093 3894 Nec
2116 3847 2230 3897 illas
2249 3850 2495 3901 adversus
2518 3868 2665 3903 sena-

1596 3916 1707 3961 tum
1752 3928 1903 3964 voces
1948 3919 2082 3969 ullus
2132 3937 2354 3988 unquam
2397 3930 2665 3980 exercitus

1596 3988 1805 4039 audeat.
1894 3994 2069 4058 Caput
2114 3998 2315 4061 imperii
2358 4011 2415 4051 et
2467 4004 2663 4057 decora

1593 4066 1817 4116 omnium
1842 4072 2255 4137 provinciarum‚’
2274 4082 2372 4126 ὅτε.
2400 4078 2661 4131 Gruterus.

1594 4142 1687 4191 Vis
1702 4152 1759 4193 et
1774 4156 1979 4195 nostras
1998 4148 2223 4213 ineptias
2239 4152 2257 4199 Β
2292 4152 2535 4203 Tiberius
2550 4154 2659 4206 dici

1588 4218 1691 4269 sibi
1706 4223 1935 4286 putavit:
1968 4224 2253 4293 Quousque
2268 4228 2405 4280 sines
2416 4230 2663 4297 rempnbi·
