2897 4742
399 268 578 337 4120

397 440 538 476 nano
559 426 696 489 lego,
713 425 986 489 crebritate.
1019 425 1243 490 Lipsius.

469 502 756 551 Celebritate
787 504 1096 564 periculorum
1115 508 1250 551 sueta
1271 502 1376 563 jam
1397 518 1468 552 ee-

399 585 544 630 natas
579 578 830 640 mastitia]
879 579 1083 643 Opinor
1121 578 1471 639 scribendum,

399 656 650 705 crebritate
675 656 1002 718 periculorum.
1046 655 1337 703 Rhenanus.
1403 652 1469 702 Τὸ

395 730 588 780 celebris
631 747 694 780 ac
728 730 786 779 τὸ
821 730 1050 794 frequens
1088 731 1226 779 idem
1271 731 1468 792 valent,

399 806 525 856 licet
561 807 724 855 Vauae
760 807 915 855 aliter
947 807 1110 855 visum
1143 807 1227 855 sit.
1290 807 1467 856 Tacit.

397 880 414 907 ‘
439 883 555 933 Quo
595 882 843 945 obsequio
893 880 1164 931 florentem
1217 884 1467 933 Soranum

398 957 770 1020 celebraverat,
791 958 1049 1007 labentem
1073 974 1176 1007 nou
1199 959 1465 1009 deseruit.'

398 1032 677 1084 Salinerias.
713 1034 844 1083 Cum
863 1035 1108 1084 Rhenano
1125 1036 1336 1099 legebat
1349 1036 1407 1085 Li
1413 1050 1470 1099 p-

398 1111 522 1171 sius,
551 1111 803 1160 crebritate
833 1112 1178 1173 periculorum.-
1211 1118 1266 1160 et
1287 1127 1467 1161 sensus

399 1188 454 1235 id
479 1188 714 1251 requirit.
757 1188 1122 1237 Freinshemius.

467 1264 595 1319 Quia
611 1264 866 1327 protulerit
881 1263 1147 1327 ingenium]
1179 1264 1360 1313 Sentio
1383 1279 1469 1313 vo·

399 1340 568 1387 culam
595 1340 776 1388 abesse
796 1340 1089 1402 sententiae,
1110 1354 1262 1405 quam
1285 1340 1469 1405 reddo,

393 1418 477 1463 sed
499 1416 611 1478 quia
626 1419 754 1478 prot.
797 1414 1088 1465 Acidalius.

464 1492 603 1539 Cn.
625 1495 707 1539 30.
739 1490 1002 1539 Accusator
1033 1492 1305 1553 ingreditur
1341 1492 1468 1541 ordi·

393 1566 585 1631 curque]
619 1566 736 1615 Duo
764 1567 846 1615 hic
871 1566 1032 1615 verba
1053 1566 1286 1629 ejusdem
1317 1566 1468 1630 sigui·

397 1641 585 1692 ficatns
614 1642 838 1705 junctim
884 1643 1069 1706 posita,
1107 1642 1242 1707 quod
1281 1642 1467 1693 Tacito

395 1720 638 1781 insolens,
688 1720 974 1782 ingreditur,
1017 1722 1308 1783 orditurque.
1394 1721 1466 1769 U-

396 1803 635 1859 trumque
660 1797 793 1845 enim
819 1797 938 1845 nihil
959 1805 1112 1845 sonat
1137 1796 1290 1859 aliud,
1313 1811 1467 1860 quam

392 1870 602 1933 incipit.
673 1872 786 1921 Nec
810 1887 841 1920 a
863 1872 1034 1935 glossa
1067 1874 1328 1935 posterius
1359 1872 1467 1935 opi-

397 1960 508 1993 ner.
579 1946 731 1994 Forte
755 1947 1116 1995 scribendum:
1157 1946 1364 1997 Sabinus
1381 1948 1467 1997 So·

391 2022 502 2069 rani
521 2024 858 2071 accusationem
890 2023 1156 2084 ingreditur
1175 2024 1466 2085 orditurque.

399 2098 584 2151 Phrasi
608 2098 674 2148 de
695 2114 798 2162 qua
822 2099 887 2147 ad
915 2100 1007 2147 lib.
1032 2112 1079 2147 v.
1109 2112 1281 2161 snpra.
1348 2100 1466 2149 Aci·

393 2175 566 2223 dalius.

462 2253 686 2315 Quodque
697 2254 1074 2314 proconsulatum
1089 2251 1223 2301 Asia·
1235 2250 1465 2315 Soranus]

392 2324 525 2377 Cum
553 2326 604 2376 in
629 2327 1002 2393 antiquioribus
1039 2326 1204 2386 libris,
1238 2340 1298 2376 ac
1333 2340 1466 2389 prae-

393 2404 574 2452 sertim
599 2405 650 2452 in
677 2405 814 2452 Flor.
837 2403 1084 2464 scriptum
1105 2408 1262 2463 esset,
1279 2416 1460 2465 procos.

392 2479 564 2540 Vulgo
588 2478 995 2540 interpretatum
1033 2476 1150 2538 fuit,
1185 2478 1462 2539 proconsul:

393 2561 449 2604 at
487 2556 750 2602 sententia
786 2553 1037 2617 postulat,
1068 2555 1462 2616 proconsulatum,

393 2637 450 2677 ut
490 2630 826 2691 restituimus,
865 2628 1115 2678 suadente
1147 2629 1304 2678 etiam
1337 2629 1459 2694 Lip-

393 2706 500 2764 sio„
533 2705 758 2754 Piclzena.

459 2779 557 2828 Sed
595 2794 754 2828 recens
792 2779 1054 2829 discrimini
1103 2782 1259 2844 patris
1295 2782 1461 2846 sitiam

388 2855 710 2918 connectebat]
762 2856 900 2904 Flor.
941 2856 1114 2906 addit:
1151 2857 1247 2906 Sed
1280 2873 1459 2921 recens,

389 2935 438 2978 et
479 2936 591 2993 quot
632 2932 914 2980 discrimini.
997 2935 1176 2995 Forte,
1218 2938 1265 2982 et
1319 2937 1455 2998 quod.

387 3006 637 3055 Picbena.
703 3007 808 3056 Ms.
859 3007 1084 3059 Florent.
1128 3009 1306 3071 addit3
1375 3013 1459 3061 sed

387 3097 565 3145 recens,
584 3087 631 3131 et
648 3089 758 3146 quot
779 3083 1062 3154 discrimini.
1098 3086 1258 3136 Forte
1280 3088 1457 3152 legen-

387 3159 546 3220 dum3
593 3162 672 3210 sed
708 3174 867 3210 recens
909 3161 980 3222 id,
1022 3163 1144 3224 quod
1175 3163 1456 3213 discrimini.

388 3235 540 3284 Quod
561 3235 738 3284 statim
759 3238 993 3300 sequitur
1013 3238 1076 3286 de
1099 3240 1320 3302 pecnnia
1343 3241 1455 3289 Ma-

389 3312 468 3372 gis
507 3312 646 3375 data,
670 3315 983 3378 magicisque
1017 3317 1195 3377 sacris,
1216 3327 1457 3367 recenset

390 3391 448 3436 et
499 3387 812 3439 Scholiastes
866 3389 931 3436 ad
986 3388 1115 3438 illud
1169 3391 1455 3454 Juvenalis,

390 3467 405 3490 ‘
431 3460 589 3513 faciet
624 3464 758 3528 quod
804 3464 1012 3516 deferat
1051 3467 1200 3530 ipse,’
1239 3469 1317 3518 bis
1342 3485 1455 3520 ver-

387 3539 495 3590 bis:
533 3543 548 3568 ‘
567 3542 841 3605 Egnatium
866 3543 1234 3606 Philosophum
1259 3546 1453 3608 siguifi-

386 3625 494 3679 cat,
531 3618 618 3683 qui
657 3618 814 3668 filiam
853 3621 1034 3669 Bareae
1069 3623 1264 3683 Sorani,
1299 3639 1453 3686 quam

386 3708 504 3743 cum
543 3695 656 3758 ipse
695 3697 760 3746 ad
803 3697 1054 3760 magicam
1100 3699 1454 3750 descendisset

384 3769 617 3835 hortatu,
639 3772 828 3822 detulit
852 3774 898 3822 N
906 3775 1091 3823 eroni.’
1130 3776 1234 3824 Sed
1258 3777 1451 3826 rectius

385 3843 604 3896 fortasse
644 3848 864 3911 iegeris:
917 3865 1196 3914 quamquam
1233 3853 1334 3914 ipse
1387 3855 1453 3902 ad

382 3922 615 3984 magicam
651 3923 916 3973 discendam
954 3931 1073 3975 esset
1105 3927 1339 3990 Ιιονίαίιω,
1371 3931 1451 3978 de-

383 3997 497 4045 tulit
522 3999 731 4048 Neroni.-
764 4014 884 4066 nam
917 4001 1032 4064 ipsa
1064 4017 1266 4068 quoque
1289 4005 1451 4056 inter·

385 4069 482 4122 fnit
503 4074 716 4142 magicis
739 4076 919 4140 sacris,
941 4084 1002 4128 ut
1039 4086 1190 4142 patet
1223 4095 1287 4129 ex
1324 4094 1448 4145 cap.

1099 285 1315 337 nora
1362 284 1767 355 vamonun
1824 285 1909 335 m

1542 440 1651 490 seq.
1683 427 2051 480 Freinshemius.
2119 428 2233 493 Ego
2266 441 2335 475 ex
2362 427 2503 479 Flor-
2524 442 2633 479 co·-

1542 503 1661 553 dice
1678 502 1737 551 τὸ
1752 508 1878 567 quot,
1901 510 1959 553 ut
1981 518 2359 566 supervacuum
2382 504 2623 553 reciden-

1542 578 1663 627 dum
1688 585 1837 643 puto.
1876 579 2099 628 Prorsus
2123 580 2261 627 enim
2286 578 2465 627 Taciti
2482 576 2615 629 suit:

1548 654 1721 704 Vetera
1758 654 1875 716 hoec,
1917 656 1998 703 aed
2037 670 2215 715 recens,
2254 660 2304 702 et
2346 654 2613 704 dimi-siai

1538 729 1709 778 Patris
1726 730 1890 795 filiam
1924 731 2239 781 connectebat.
2310 730 2376 779 In
2412 730 2606 781 duobus

1540 805 1799 869 prioribus
1830 806 2070 855 membris
2104 807 2359 855 orationis
2390 806 2609 875 intelligi

1541 882 1707 931 voluit
1758 881 1970 933 verbum
2020 883 2422 933 substantivum.
2494 884 2611 933 Gro-

1538 958 1727 1007 novius.-

1606 1034 1741 1083 CAP.
1797 1037 1879 1083 32.
1950 1034 2191 1089 Quantum
2241 1032 2603 1097 misericordie]

1537 1109 1803 1159 Praeclare
1824 1110 1961 1159 libri.
2011 1110 2182 1173 Vulgo
2204 1116 2437 1173 quantum
2458 1126 2610 1159 nanc.-

1538 1200 1715 1234 errore
1749 1200 1815 1233 ex
1854 1186 2061 1235 concisa
2083 1186 2285 1235 ratione
2325 1186 2611 1249 scribendi,

1536 1264 1658 1312 ηιῖω.
1727 1260 1949 1325 Ingenio
1984 1276 2078 1311 suo
2103 1260 2305 1325 pridem
2338 1262 2477 1309 lianc
2502 1276 2611 1311 cor-

1538 1338 2197 1407 rectionem-vindicaverat
2221 1338 2492 1389 Faernus:
2520 1354 2614 1389 nec

1539 1415 1747 1464 invideo
1769 1430 1888 1479 ego,
1906 1430 2004 1463 nec
2028 1415 2197 1478 culpo.
2265 1415 2489 1479 Lipsius.

1608 1492 1852 1547 Quantam
1888 1506 2007 1541 nunc
2050 1488 2262 1551 mitia]
2315 1491 2493 1540 Locus
2534 1490 2615 1541 bic

1538 1573 1622 1616 est
1664 1567 1719 1615 in
1762 1581 1866 1630 quo
1910 1565 2168 1615 inscitiam
2222 1564 2617 1629 exscriptorum

1538 1660 1655 1695 cum
1677 1643 1877 1694 Faenio
1895 1642 2066 1692 mirati
2082 1656 2269 1693 sumus.
2337 1642 2428 1691 Ita
2450 1642 2615 1705 legit:

1542 1722 1784 1777 Quantum
1820 1719 2156 1782 misericordiae
2192 1717 2379 1769 soeeitia
2394 1734 2411 1765 .·
2448 1724 2511 1767 et
2540 1718 2617 1767 ita

1536 1797 1591 1845 in
1648 1797 1813 1846 altero
1881 1794 2207 1843 bibliothecae
2275 1792 2616 1843 Pontificalis

1536 1872 1791 1935 scriptum
1824 1870 2015 1921 inveni.
2082 1870 2311 1933 Decepit
2333 1876 2522 1919 autem
2559 1870 2619 1918 li-

1538 1948 1736 1997 brarios
1758 1945 2003 1997 brevibus
2038 1946 2173 1995 notis
2200 1945 2520 2009 scribentes,
2544 1947 2620 1995 in·

1538 2030 1621 2073 ter
1641 2025 1731 2072 mie
1754 2036 1851 2086 pro
1884 2022 2223 2085 misericordia,
2258 2030 2311 2071 et
2340 2037 2473 2072 nanc
2498 2023 2619 2071 lite-

1538 2114 1713 2149 rarum
1756 2098 2058 2148 similitudo.
2114 2099 2409 2148 i'ertroenius.
2481 2098 2619 2147 Cum

1538 2192 1587 2227 v.
1637 2192 1681 2227 c.
1730 2176 1961 2225 Faiiruus
1998 2174 2249 2239 scriptum
2283 2175 2617 2225 invenisset:

1540 2253 1608 2300 Et
1628 2256 1857 2315 quantum
1896 2250 2026 2312 mioe,
2061 2251 2143 2311 ξε.
2166 2250 2267 2311 vel,
2305 2256 2367 2297 ut
2408 2248 2463 2297 in
2490 2248 2619 2312 alio,

1538 2330 1609 2377 Et
1630 2332 1853 2391 quantum
1874 2341 2015 2388 nunc,
2036 2327 2117 2388 ᾄτ.
2142 2340 2208 2376 ex
2231 2340 2296 2375 ea
2319 2340 2452 2376 voce
2476 2324 2617 2377 fecit

1536 2403 1888 2466 niisoricordioe,
1920 2406 2002 2466 &a
2028 2418 2180 2467 qnam
2212 2404 2499 2452 lectionem
2534 2405 2616 2454 ita

1537 2480 1689 2542 plane
1708 2480 1954 2543 scriptam
1977 2479 2194 2528 vidimus
2208 2483 2395 2541 postea
2416 2479 2473 2529 in
2494 2480 2615 2530 aliis

1536 2555 1678 2605 libris
1700 2555 2083 2618 manuscriptis.
2157 2555 2376 2605 Ursinus.

1600 2631 1789 2680 Habitu
1809 2636 1857 2681 et
1878 2646 1957 2680 ore
1976 2632 2039 2680 ad
2058 2631 2413 2694 exprimendam
2432 2630 2611 2693 imagi·

1534 2723 1638 2756 nem
1660 2707 1841 2758 honesti
1861 2713 1911 2755 et
1930 2706 2157 2770 exerciti]
2203 2705 2437 2756 Faernus
2466 2706 2613 2772 lege-

1535 2785 1641 2845 bat,
1664 2785 1845 2834 honesti
1867 2784 2122 2846 exercitus,
2150 2785 2232 2846 ξς.
2294 2781 2400 2832 Sed
2426 2784 2615 2832 Dane-

1535 2861 1641 2910 sius
1664 2875 1766 2910 non
1788 2861 1944 2922 male,
1978 2860 2159 2908 hausti
2179 2864 2225 2908 et
2250 2860 2498 2922 exercitio,
2520 2863 2611 2923 tsc-

1534 2937 1764 3000 quamvis
1786 2928 1945 2986 lectio
1978 2936 2163 2985 Faiirni
2185 2935 2349 3000 magis
2370 2937 2609 2999 placeat.

1540 3011 1756 3061 Ursinus.
1821 3013 1894 3062 Et
1912 3013 2024 3061 haec
2045 3013 2185 3061 inter
2206 3012 2370 3075 Lipsii
2391 3013 2610 3076 conjec-

1534 3094 1678 3136 turas
1700 3087 1855 3150 digna
1892 3087 2017 3137 mihi
2047 3086 2157 3136 visa
2194 3093 2293 3147 est,
2316 3103 2434 3152 qnae
2471 3087 2610 3138 rcci-

1532 3164 1721 3226 piatur.
1755 3163 1947 3225 Inepte
1981 3163 2159 3226 vulgo,
2196 3161 2379 3210 honesti
2400 3167 2612 3212 etexer·

1528 3241 1632 3289 citi.
1684 3240 1930 3289 Picbena.
1997 3239 2068 3288 Et
2105 3239 2213 3290 haec
2236 3239 2376 3288 inter
2398 3239 2611 3303 conjec-

1532 3323 1675 3364 turas
1701 3316 1863 3377 Lipsii
1902 3314 2057 3378 digna
2096 3315 2337 3365 Pichenae
2367 3317 2479 3364 visa
2501 3325 2609 3382 est,

1532 3408 1647 3457 quae
1670 3391 1965 3454 recipiatur.
2036 3390 2107 3440 At
2132 3391 2393 3455 vulgatam
2418 3391 2608 3441 lectio·-

1528 3482 1647 3516 nem
1671 3467 1853 3516 honesti
1876 3471 1920 3515 et
1946 3466 2144 3515 exerciti
2184 3466 2418 3515 omnibus
2452 3467 2607 3518 libris

1531 3551 1829 3593 constanter
1847 3543 2203 3604 inhaerentem,
2240 3544 2451 3605 egregie
2473 3545 2607 3594 mihi

1529 3618 1815 3682 explicasse
1837 3618 1974 3666 visus
1990 3626 2069 3666 est
2088 3618 2181 3667 Vir
2198 3619 2449 3670 Eruditns
2468 3621 2607 3670 Gro-

1526 3693 1707 3742 novius
1732 3694 1783 3742 in
1806 3693 2025 3756 epistola
2053 3693 2120 3742 ad
2156 3710 2389 3744 socerum
2423 3712 2605 3750 meum

1525 3770 1721 3833 scripta
1742 3786 1755 3818 ι
1788 3769 1933 3832 cujus
1954 3768 2133 3831 verba,
2152 3771 2327 3833 paullo
2352 3771 2603 3833 prolixio-

1528 3861 1606 3909 ra,
1640 3844 1972 3910 amplioribus
2008 3845 2387 3894 commentariis
2426 3861 2603 3898 servu·

1527 3937 1657 3972 mus.
1693 3919 2059 3971 Freinshemius.
2127 3921 2259 3970 Vide
2284 3921 2509 3972 Observ.
2534 3937 2601 3976 u.

1527 4013 1573 4048 c.
1597 4002 1646 4046 4.
1718 3994 1999 4044 Gronovius.
2590 3991 2615 4010 ·“

1589 4071 1797 4122 Honesti
1816 4076 1863 4121 et
1884 4069 2109 4136 exerciti]
2147 4071 2353 4123 Suadeo
2374 4073 2596 4142 scribas,
