2897 4742
440 269 622 339 4192

446 429 523 480 ait
560 426 867 478 Demetrius
908 426 1004 476 lib.
1026 437 1131 476 ιιι.
1166 422 1394 474 σού-τω
1425 441 1521 472 που

449 505 539 554 τὸν
550 503 648 554 Δία
668 502 743 552 ὅτι
762 503 817 552 οὔ
836 503 1054 566 κεραυνοῖ
1078 499 1325 565 πονηροὺς,
1354 498 1518 562 φησίν·

446 579 579 632 ἀλλὰ
611 579 699 630 τὸν
718 580 887 628 ἑαυτοῦ
920 579 1035 627 νεὼν
1064 574 1261 636 βάλλει,
1292 575 1373 624 καὶ
1404 572 1520 626 Σού-

448 675 547 707 νιον
566 655 709 722 ἄκρον
726 657 954 714 Ἀθηνῦνε
980 654 1017 702 ί.
1030 668 1079 704 e.
1098 653 1308 702 irridens
1320 653 1523 714 quodam

449 736 545 788 boo
579 733 767 795 Jooens,
786 733 911 796 qnod
944 731 1157 779 scelestos
1188 728 1393 789 fulmine
1428 741 1522 776 non

441 813 643 874 peteret,
666 809 761 869 ait,
792 820 955 856 emm
972 819 1110 854 σιιιιιιι
1130 803 1357 870 ternplum
1374 800 1523 864 serit,

448 890 495 934 et
534 884 738 934 Sunium
779 879 1152 947 promontorium
1206 878 1520 928 Athenarum.

450 961 747 1025 scripserat
786 957 925 1008 enim
958 957 1221 1008 Homerus
1241 954 1435 1018 Odyss.
1463 969 1520 1014 γ.

449 1040 564 1087 278.
618 1035 729 1084 ἀλλ’
772 1033 855 1084 ὅτε
900 1031 1096 1083 Σούνιον
1138 1031 1237 1096 ἱρὸν
1280 1028 1522 1094 ἀφικόμεθ’

450 1115 593 1179 ἄκρον
613 1115 835 1172 Ἀθηνῶν.
874 1111 1099 1161 Sanitiu-
1166 1110 1223 1160 Si
1248 1109 1364 1173 quis
1402 1121 1521 1172 pro-

453 1193 569 1257 pius
586 1190 831 1240 attendat
852 1187 1009 1238 nexui
1030 1186 1301 1252 orationis,
1323 1183 1524 1233 videbit

455 1269 507 1319 ei
527 1266 737 1318 officeoe
758 1267 967 1316 voculas
998 1265 1113 1313 illas
1138 1262 1303 1324 binas,
1322 1263 1522 1322 usas-et,

456 1359 610 1414 quam
631 1342 896 1408 prodesse.
938 1341 1193 1389 Gruterus.

518 1423 649 1485 esp.
696 1425 776 1472 12.
834 1421 905 1468 Es
946 1419 1119 1479 κήαι-ε
1159 1417 1320 1466 Itals'oe
1354 1415 1540 1478 parte]

452 1495 726 1548 Particnla
765 1502 1101 1557 connectens,
1118 1499 1185 1557 et,
1208 1493 1415 1543 videtur
1436 1493 1521 1541 liic

454 1575 575 1626 mibi
600 1587 889 1637 superesse.
922 1573 1078 1622 Rhea.

532 1649 720 1706 Quibus
761 1648 1017 1710 tentanais,
1068 1641 1522 1708 aggrediendam]

453 1725 766 1776 Farnesiana
794 1724 909 1773 haec
940 1723 1199 1787 scriptura
1220 1725 1335 1770 est:
1370 1732 1524 1783 quam

454 1801 776 1852 verissimam
818 1815 1029 1850 censeo.
1091 1799 1323 1861 Vulgata
1362 1795 1524 1844 lectio

453 1878 609 1927 valde
630 1877 809 1926 turbat
828 1893 843 1924 ι
878 1875 1044 1940 quibu
1072 1871 1315 1922 tentandis
1352 1885 1526 1932 aggre-

451 1953 741 2018 diendisqae,
781 1953 1039 2016 provincia!
1088 1947 1406 2008 Narbonensi,
1440 1949 1523 2008 ὅτ.

456 2038 703 2096 tanquam
728 2037 837 2080 tres
858 2029 912 2078 1ιί
930 2028 1091 2078 duces
1112 2024 1410 2075 Provincias
1432 2023 1527 2070 im·

456 2108 613 2170 positi
634 2123 648 2157 =
682 2112 741 2156 et
763 2119 913 2167 mage
936 2103 1161 2166 majores
1186 2099 1427 2150 tenebras
1451 2096 1527 2147 of-

456 2181 630 2234 fundit
652 2183 811 2233 etiam
834 2182 1073 2232 Maurus.
1104 2177 1239 2240 Lips.

520 2259 787 2309 Provincia
821 2255 1140 2314 Narbonensi,
1160 2251 1405 2314 Suedium,
1444 2254 1528 2313 &a

455 2339 599 2389 duces
636 2334 855 2399 dederat]
956 2329 1184 2396 Imperio
1240 2325 1528 2378 constituto

458 2412 740 2463 Provincia
758 2416 939 2461 nostra
959 2406 1152 2471 Populi
1171 2404 1333 2466 facta,
1352 2408 1413 2451 nt
1435 2402 1528 2450 ali·

458 2490 513 2539 bi
548 2489 791 2549 diximus,
828 2493 885 2536 et
924 2484 1203 2535 consuleris
1236 2487 1353 2531 est:
1386 2480 1528 2529 nude

454 2563 549 2613 lib.
572 2576 688 2626 sup.
713 2560 909 2624 legitur
928 2560 1073 2608 Titus
1108 2557 1291 2605 Vinius
1314 2570 1530 2619 procon-

458 2641 631 2690 sulatu
654 2637 879 2688 Galliam
911 2635 1307 2686 Narbonensem
1348 2645 1530 2681 severe

458 2718 767 2779 integreque
810 2713 1022 2763 rexisse.
1132 2710 1296 2759 Moris
1348 2714 1528 2757 ‘autem

458 2790 562 2842 fnit
582 2793 635 2840 in
658 2788 997 2854 provinciam,
1020 2799 1138 2851 qnoe
1174 2784 1391 2833 limitem
1412 2782 1532 2831 diti·

461 2869 573 2918 onis
612 2868 764 2917 Rom.
804 2863 1165 2923 constitueret,
1197 2858 1529 2920 Proconsuli,

460 2943 707 3005 Praetori,
724 2939 1015 2991 Proesidive
1038 2937 1271 2987 laborum
1304 2942 1363 2984 et
1405 2948 1528 2998 ope·

461 3022 533 3071 ris
558 3026 708 3085 parte
731 3016 970 3076 levando,
996 3015 1041 3064 si
1064 3028 1195 3077 opus
1218 3017 1379 3073 esset,
1410 3011 1530 3059 mit-

462 3105 592 3157 tere,
612 3094 700 3159 qni
724 3094 899 3145 Duces
930 3095 985 3139 et
1016 3088 1370 3139 Limenarchae
1389 3086 1530 3135 dice-

464 3180 661 3223 rentur.
742 3168 847 3218 Sed
886 3167 988 3217 hoc
1023 3165 1137 3215 loco
1175 3163 1371 3213 Vedius
1416 3163 1530 3211 Cle·

462 3262 625 3310 mens,
672 3246 929 3297 Antonius
966 3241 1253 3302 Novellins,
1296 3238 1529 3288 AEmilins

464 3322 732 3383 Pacensis,
766 3321 917 3370 aliam
940 3318 1006 3367 ob
1030 3332 1141 3366 rem
1157 3315 1295 3365 missi
1318 3321 1439 3364 sunt
1463 3314 1531 3363 ab

466 3399 694 3460 Othone,
719 3395 979 3446 tentandis
1002 3393 1118 3442 scil.
1142 3389 1530 3454 aggrediendis-

464 3490 565 3541 que
588 3473 806 3538 Alpibus
830 3468 1115 3519 maritimis.
1172 3466 1257 3517 Ad
1280 3466 1332 3515 id
1354 3476 1530 3515 antem

464 3552 625 3601 duces
648 3549 895 3610 electi,et
916 3560 1032 3595 cum
1056 3544 1307 3594 militibus
1332 3541 1533 3607 profec-

466 3628 507 3677 ti
530 3633 651 3677 snnt
672 3641 686 3686 ;
724 3638 827 3673 non
853 3629 910 3673 ut
932 3621 1143 3687 quidam
1166 3620 1392 3684 scripsit,
1414 3634 1530 3682 pro-

464 3703 663 3755 consuli
674 3700 927 3765 juvando,
951 3712 1103 3763 quem
1128 3705 1237 3747 tum
1256 3699 1307 3746 in
1330 3698 1533 3761 provin-

464 3780 549 3830 cia
584 3792 687 3827 non
727 3776 883 3825 fnisse
922 3774 1146 3837 conjicio
1182 3790 1247 3824 ex
1286 3788 1368 3835 eo,
1391 3772 1533 3839 qnod

462 3859 606 3908 nulla
646 3855 964 3921 proconsulis
1002 3855 1196 3903 mentio
1244 3852 1305 3901 fit
1348 3854 1401 3901 in
1436 3854 1533 3903 hae

466 3940 594 3996 tota,
610 3948 727 3997 quse
758 3933 1010 3995 sequitur,
1034 3930 1257 3979 civilium
1282 3930 1532 3979 beliorum

464 4011 779 4073 scriptione:
829 4006 1006 4056 adhaec
1032 4008 1179 4071 plura
1202 4006 1293 4053 lib.
1316 4020 1419 4069 seq.
1444 4004 1534 4053 nbi

468 4087 537 4135 de
559 4084 775 4134 Valerio
792 4083 1014 4132 Paulino
1038 4081 1281 4131 referam.
1338 4081 1533 4129 Verum

468 4160 595 4225 qnid
614 4166 696 4207 est
719 4160 912 4221 dicere,
946 4157 1151 4221 Alpibus
1187 4156 1431 4205 tentandis
1451 4172 1536 4219 ag-

462 4233 1089 4299 grediendisqueprovinciae
1108 4232 1405 4284 Narbonensi
1414 4232 1536 4285 Sue-

1150 281 1369 334 No'rAE
1416 281 1826 355 vamonnn
1874 279 1954 332 ιιι

1591 423 1744 487 ὀίεαι,
1761 427 1846 488 qv.
1867 423 2078 474 daeesab
2099 423 2288 474 &hone
2307 423 2460 476 datos
2479 425 2502 474 ἓ
2533 425 2676 474 siet

1597 499 1760 551 Italia
1781 502 2144 564 mittebantur,
2166 502 2256 566 qni
2281 502 2444 566 Alpes
2467 502 2678 551 mariti·

1595 591 1706 628 mas
1729 584 2018 642 tentarent,
2061 579 2558 641 aggi-edomitans,
2593 579 2680 628 iul

1595 655 1877 718 provincie
1901 655 2230 706 Narbonensi
2251 669 2354 706 non
2377 661 2538 704 erant
2559 654 2678 704 dati

1595 730 1776 793 duces,
1797 745 1914 780 cum
1953 731 2012 780 id
2055 745 2242 780 nomen
2287 733 2548 781 baberent
2583 743 2678 792 eo,

1595 807 1735 871 qnod
1779 808 1978 858 milites
2019 807 2290 858 ducerent.
2373 807 2524 856 Alias
2567 818 2678 854 non

1595 882 1698 931 nisi
1719 882 1846 932 Dux
1869 883 2132 932 Narbonae
2159 883 2212 930 in
2227 883 2414 932 codice
2435 880 2686 932 Praefec-

1595 963 1829 1008 turarum
1847 958 2061 1008 dicitur.
2129 960 2306 1010 Quare
2345 973 2452 1007 non
2491 955 2680 1005 viden·

1597 1040 1686 1083 tur
1708 1041 1816 1083 tres
1839 1035 1981 1084 missi
2013 1035 2189 1098 duces,
2221 1037 2311 1099 qni
2345 1035 2678 1099 provinciam

1597 1119 1863 1174 regerent,
1883 1111 1976 1160 sed
1997 1112 2084 1176 qui
2105 1113 2395 1162 exercitum
2419 1111 2681 1162 Othonia·-

1595 1200 1777 1235 norum
1801 1187 2074 1250 ducerent,
2094 1189 2182 1251 qni
2205 1187 2476 1252 χιλίαρχοι,
2501 1193 2565 1236 ut
2593 1191 2682 1236 est

1595 1261 1735 1325 apud
1799 1263 2100 1326 Ulpianum,
2184 1264 2288 1314 dici
2365 1271 2680 1327 potuerunt.

1596 1336 1852 1401 Equidem
1893 1343 1950 1387 et
1987 1339 2306 1389 celebritatis
2357 1340 2558 1404 patria
2621 1347 2682 1388 et

1597 1414 1926 1463 emaculandi
1949 1415 2176 1466 Cornelii
2211 1416 2400 1480 gratia,
2435 1417 2682 1467 Clemen—

1597 1495 1726 1553 tem,
1745 1491 2044 1542 Novellinm
2069 1501 2125 1542 et
2164 1493 2459 1544 Pacensem
2499 1492 2680 1542 oriun-

1597 1566 1694 1616 dos
1739 1567 2022 1618 Provincia
2057 1575 2216 1633 puto:
2277 1570 2418 1635 qnod
2477 1567 2679 1630 signifi-

1597 1643 1830 1692 cantilla
1850 1657 1968 1708 quse
1991 1653 2301 1708 sequuntur,
2333 1647 2349 1674 ⁴
2371 1645 2680 1694 Videbatur

1595 1733 1700 1767 non
1725 1719 1882 1768 Italia
1903 1720 2034 1770 adiri
2053 1735 2150 1771 nec
2167 1723 2284 1771 loca
2303 1722 2570 1786 sedesque
2589 1737 2682 1785 pa·

1599 1795 1757 1844 trite!
1787 1795 1876 1844 Sic
1897 1796 2062 1860 igitur
2078 1812 2109 1847 a
2131 1797 2369 1846 Cornelio
2393 1798 2681 1861 scriptum,

1599 1876 1656 1919 et
1690 1872 1896 1920 ceteris
1947 1873 2344 1922 exscribendum
2385 1887 2530 1936 reor,
2566 1888 2678 1937 pm—

1597 1946 1767 1995 vincs’oe
1787 1945 2112 1997 Narbonensis
2139 1949 2338 1998 Vedium
2366 1949 2682 2012 Cla-entem,

1597 2026 1683 2085 qe.
1715 2024 1856 2072 daces
1889 2025 2118 2073 dederat.-
2150 2031 2208 2074 et
2241 2023 2396 2086 infra,
2433 2029 2450 2054 ‘
2473 2025 2677 2076 Vedius

1601 2097 1842 2147 Clemens
1875 2099 2172 2164 ambitioso,
2201 2099 2319 2149 &el
2403 2101 2680 2164 Supraque

1603 2173 1693 2222 lib.
1718 2173 1975 2237 proximo,
2011 2175 2028 2203 ‘
2053 2175 2315 2236 Novellio,
2347 2174 2522 2223 Vedio
2561 2175 2682 2224 Cle·

1599 2252 1764 2300 menti
1789 2251 2154 2316 primipilarlb.
2189 2251 2308 2301 &cst
2339 2265 2444 2300 non
2483 2251 2680 2312 Suedio,

1601 2343 1776 2393 neque
1799 2329 1934 2379 enim
1969 2328 2196 2379 Suedium
2227 2329 2280 2378 in
2303 2328 2454 2379 libris
2477 2329 2681 2378 Latinis

1605 2406 1768 2469 legas.
1797 2406 2095 2457 Ver-sranius.
2129 2406 2326 2456 Omnes
2347 2406 2526 2455 aditus
2551 2406 2680 2455 Gal·

1603 2482 1787 2537 liarnm
1822 2480 1902 2546 (in
1942 2481 2127 2545 quibus
2167 2480 2331 2545 Alpes
2371 2479 2680 2545 maritima)

1607 2559 1765 2608 armis
1793 2557 1996 2607 Vitellii
2041 2557 2389 2618 tenebantnr3
2424 2559 2441 2587 ‘
2467 2557 2678 2621 quando

1605 2634 1822 2683 Penin‘ae
1857 2632 2152 2697 Cottiaeque
2187 2632 2368 2697 Alpes,
2405 2640 2466 2680 et
2497 2630 2682 2683 ceteri

1605 2708 1896 2757 Galliarum
1912 2708 2104 2769 aditus,
2117 2708 2414 2756 Vitellianis
2429 2706 2682 2756 exerciti·

1606 2784 1700 2833 bns
1733 2783 2144 2833 claudebantur:
2207 2781 2284 2831 At
2327 2782 2528 2831 Othoni
2571 2783 2680 2845 pla·

1605 2868 1787 2910 cuerat
1826 2860 2014 2909 sistere
2059 2861 2114 2909 in
2175 2858 2356 2908 Gallia
2389 2858 2678 2912 Caecinam.

1601 2940 1618 2967 ⁴
1633 2940 2012 3004 Transgressoj
2019 2955 2100 2989 am
2116 2939 2680 3005 Alpescaecina,qnem

1606 3016 1716 3065 sisti
1749 3016 1890 3065 intra
1931 3015 2130 3065 Gallias
2171 3014 2513 3079 speraverat?
2579 3018 2678 3065 Ea-

1605 3105 1708 3154 que
1731 3091 1798 3139 de
1821 3104 1976 3140 cansa
2001 3090 2391 3140 Narbonensem
2417 3090 2677 3153 provinci-

1607 3180 1690 3214 am
1711 3174 2018 3215 memoratos
2055 3166 2218 3215 duces
2253 3168 2419 3216 classe
2456 3166 2674 3231 aggredi

1595 3240 1770 3304 jussit,
1793 3248 1854 3290 nt
1883 3242 1972 3291 illa
2010 3248 2228 3305 recepta
2263 3240 2436 3291 aditus
2461 3240 2676 3304 Alpium

1605 3316 1976 3366 maritimarum
2011 3322 2252 3380 pateret=
2289 3331 2386 3367 nec
2428 3318 2501 3383 (si
2543 3318 2676 3369 bene

1607 3408 1715 3443 rem
1738 3390 1920 3455 putes)
1962 3391 2228 3442 faciliores
2269 3392 2431 3457 Alpes
2477 3394 2678 3443 mariti·

1605 3470 1701 3519 mis
1741 3469 2048 3519 habuisset:
2085 3470 2330 3532 utrinqne
2367 3470 2510 3518 enim
2548 3469 2680 3532 peti-

1609 3552 1693 3596 tus
1731 3546 1971 3595 Maturus
2009 3560 2190 3596 earum
2229 3554 2538 3610 procurator
2575 3545 2680 3593 iter

1609 3622 1752 3672 ocius
1792 3623 2098 3686 aperuisset.
2165 3622 2272 3671 Sed
2307 3620 2504 3670 frustra
2545 3618 2680 3682 fuit3

1609 3712 1728 3747 nam
1766 3698 2086 3761 provinciam
2133 3696 2527 3747 Narbonensem
2563 3710 2678 3746 sna·

1611 3790 1722 3823 rum
1747 3775 1972 3838 partium
2007 3772 2155 3833 fecit,
2187 3774 2232 3822 is
2272 3773 2552 3821 Valentem
2593 3787 2676 3821 co·

1609 3851 1765 3898 miter
1787 3856 2087 3911 exceptum,
2123 3863 2184 3896 ne
2222 3848 2448 3897 Galliam
2479 3848 2680 3897 Narbo·

1611 3940 1824 3975 nensem
1847 3932 2042 3973 temere
2065 3924 2432 3988 ingrederetur
2471 3938 2678 3972 monen-

1611 4002 1680 4050 do
1707 4003 1922 4050 terruit:
1957 4014 2060 4049 non
2085 4002 2263 4048 itidem
2289 3998 2452 4062 Alpe·
2487 3999 2680 4049 mariti·

1611 4092 1740 4127 mas.
1763 4078 1908 4128 Hist.
1929 4079 1966 4128 1.
1989 4092 2074 4127 ιιι.
2137 4080 2152 4105 ⁸
2175 4078 2332 4127 Haud
2355 4077 2540 4141 procul
2561 4076 2678 4127 inde

1614 4157 1804 4221 agebat
1827 4157 2024 4206 Marius
2047 4156 2288 4205 Maturus
2324 4153 2538 4220 Alpium
2575 4170 2680 4205 ma·

1615 4234 1904 4285 ritimarum
1915 4238 2222 4299 procurator
2237 4248 2256 4305 ς
2275 4229 2410 4281 fidus
2423 4228 2680 4293 Vitellio}
