<?xml version="1.0" encoding="UTF-8"?>
<!DOCTYPE html PUBLIC "-//W3C//DTD XHTML 1.0 Transitional//EN"
    "http://www.w3.org/TR/xhtml1/DTD/xhtml1-transitional.dtd">
<html xmlns="http://www.w3.org/1999/xhtml" xml:lang="en" lang="en">
 <head>
  <title>
</title>
<meta http-equiv="Content-Type" content="text/html;charset=utf-8" />
  <meta name='ocr-system' content='tesseract 3.04.00' />
  <meta name='ocr-capabilities' content='ocr_page ocr_carea ocr_par ocr_line ocrx_word'/>
</head>
<body>
  <div class='ocr_page' id='page_1' title='image "./ccorneliitaciti05obergoog_0128.png"; bbox 0 0 2897 4742; ppageno 0'>
   <div class='ocr_carea' id='block_1_1' title="bbox 428 261 605 346">
    <p class='ocr_par' dir='ltr' id='par_1_1' title="bbox 428 261 605 346">
     <span class='ocr_line' id='line_1_1' title="bbox 428 261 605 346; baseline 0 0"><span class='ocrx_word' id='word_1_1' title='bbox 428 261 605 346; x_wconf 68' lang='grc'>3882</span> 
     </span>
    </p>
   </div>
   <div class='ocr_carea' id='block_1_2' title="bbox 432 421 1548 4228">
    <p class='ocr_par' dir='ltr' id='par_1_2' title="bbox 432 421 1524 2671">
     <span class='ocr_line' id='line_1_2' title="bbox 432 421 1496 487; baseline -0.004 -13"><span class='ocrx_word' id='word_1_2' title='bbox 432 429 674 487; x_wconf 70' lang='lat' dir='ltr'>cogentes</span> <span class='ocrx_word' id='word_1_3' title='bbox 714 421 915 472; x_wconf 87' lang='lat' dir='ltr'>scilicet</span> <span class='ocrx_word' id='word_1_4' title='bbox 941 421 1141 486; x_wconf 76' lang='lat' dir='ltr'>judicio</span> <span class='ocrx_word' id='word_1_5' title='bbox 1182 421 1405 471; x_wconf 77' lang='lat' dir='ltr'>Coesaris</span> <span class='ocrx_word' id='word_1_6' title='bbox 1441 429 1496 470; x_wconf 90' lang='lat' dir='ltr'>et</span> 
     </span>
     <span class='ocr_line' id='line_1_3' title="bbox 435 497 1498 548; baseline -0.003 0"><span class='ocrx_word' id='word_1_7' title='bbox 435 505 643 548; x_wconf 72' lang='lat' dir='ltr'>senatun</span> <span class='ocrx_word' id='word_1_8' title='bbox 666 499 872 546; x_wconf 87' lang='lat' dir='ltr'>cedere.</span> <span class='ocrx_word' id='word_1_9' title='bbox 940 498 1015 548; x_wconf 89' lang='lat' dir='ltr'>Ut</span> <span class='ocrx_word' id='word_1_10' title='bbox 1050 498 1139 547; x_wconf 87' lang='lat' dir='ltr'>lib.</span> <span class='ocrx_word' id='word_1_11' title='bbox 1162 511 1203 546; x_wconf 82' lang='grc' dir='ltr'>ι.</span> <span class='ocrx_word' id='word_1_12' title='bbox 1227 499 1242 526; x_wconf 87' lang='lat'>‘</span> <span class='ocrx_word' id='word_1_13' title='bbox 1272 497 1498 546; x_wconf 84' lang='lat' dir='ltr'>Remisit</span> 
     </span>
     <span class='ocr_line' id='line_1_4' title="bbox 434 573 1496 634; baseline -0.002 -10"><span class='ocrx_word' id='word_1_14' title='bbox 434 574 608 624; x_wconf 60' lang='lat' dir='ltr'>Caesar</span> <span class='ocrx_word' id='word_1_15' title='bbox 628 575 896 634; x_wconf 65' lang='lat' dir='ltr'>adroganti</span> <span class='ocrx_word' id='word_1_16' title='bbox 922 573 1311 624; x_wconf 70' lang='lat' dir='ltr'>moderatione!</span> <span class='ocrx_word' id='word_1_17' title='bbox 1381 573 1496 623; x_wconf 77' lang='lat' dir='ltr'>Lib.</span> 
     </span>
     <span class='ocr_line' id='line_1_5' title="bbox 435 652 1498 703; baseline 0.001 -3"><span class='ocrx_word' id='word_1_18' title='bbox 435 663 542 701; x_wconf 73' lang='grc' dir='ltr'><strong>ιιι.</strong></span> <span class='ocrx_word' id='word_1_19' title='bbox 565 655 579 680; x_wconf 80' lang='lat'><strong>⁴</strong></span> <span class='ocrx_word' id='word_1_20' title='bbox 607 652 675 700; x_wconf 86' lang='lat' dir='ltr'>Et</span> <span class='ocrx_word' id='word_1_21' title='bbox 700 653 874 701; x_wconf 76' lang='lat' dir='ltr'>Caesar</span> <span class='ocrx_word' id='word_1_22' title='bbox 896 653 1269 703; x_wconf 80' lang='lat' dir='ltr'>adulationibus</span> <span class='ocrx_word' id='word_1_23' title='bbox 1291 663 1498 702; x_wconf 78' lang='lat' dir='ltr'>senatus</span> 
     </span>
     <span class='ocr_line' id='line_1_6' title="bbox 435 727 1498 789; baseline 0.002 -13"><span class='ocrx_word' id='word_1_24' title='bbox 435 727 602 777; x_wconf 80' lang='lat' dir='ltr'>libem</span> <span class='ocrx_word' id='word_1_25' title='bbox 626 728 797 789; x_wconf 75' lang='lat' dir='ltr'>cessit,</span> <span class='ocrx_word' id='word_1_26' title='bbox 834 737 891 775; x_wconf 88' lang='lat' dir='ltr'>ut</span> <span class='ocrx_word' id='word_1_27' title='bbox 914 729 1163 778; x_wconf 82' lang='lat' dir='ltr'>vicesimo</span> <span class='ocrx_word' id='word_1_28' title='bbox 1208 730 1377 778; x_wconf 68' lang='lat' dir='ltr'>etatis</span> <span class='ocrx_word' id='word_1_29' title='bbox 1410 743 1498 778; x_wconf 80' lang='lat' dir='ltr'>an·</span> 
     </span>
     <span class='ocr_line' id='line_1_7' title="bbox 438 804 1501 855; baseline 0.002 -4"><span class='ocrx_word' id='word_1_30' title='bbox 438 816 507 851; x_wconf 87' lang='lat' dir='ltr'>no</span> <span class='ocrx_word' id='word_1_31' title='bbox 526 804 843 852; x_wconf 73' lang='lat' dir='ltr'>consulatum</span> <span class='ocrx_word' id='word_1_32' title='bbox 872 805 1011 854; x_wconf 85' lang='lat' dir='ltr'>Nero</span> <span class='ocrx_word' id='word_1_33' title='bbox 1047 804 1239 855; x_wconf 68' lang='lat' dir='ltr'>iniret!</span> <span class='ocrx_word' id='word_1_34' title='bbox 1304 805 1377 854; x_wconf 84' lang='lat' dir='ltr'>Hi</span> <span class='ocrx_word' id='word_1_35' title='bbox 1400 819 1501 854; x_wconf 85' lang='lat' dir='ltr'>non</span> 
     </span>
     <span class='ocr_line' id='line_1_8' title="bbox 437 879 1502 942; baseline 0.004 -16"><span class='ocrx_word' id='word_1_36' title='bbox 437 879 594 926; x_wconf 66' lang='lat' dir='ltr'>medita·</span> <span class='ocrx_word' id='word_1_37' title='bbox 638 885 786 927; x_wconf 86' lang='lat' dir='ltr'>suut:</span> <span class='ocrx_word' id='word_1_38' title='bbox 823 881 1016 942; x_wconf 86' lang='lat' dir='ltr'>quippe</span> <span class='ocrx_word' id='word_1_39' title='bbox 1058 879 1278 930; x_wconf 87' lang='lat' dir='ltr'>orationi</span> <span class='ocrx_word' id='word_1_40' title='bbox 1324 895 1502 930; x_wconf 84' lang='lat' dir='ltr'>eorum</span> 
     </span>
     <span class='ocr_line' id='line_1_9' title="bbox 439 954 1502 1022; baseline 0.004 -22"><span class='ocrx_word' id='word_1_41' title='bbox 439 954 855 1015; x_wconf 79' lang='lat' dir='ltr'>repugnabutur:</span> <span class='ocrx_word' id='word_1_42' title='bbox 892 955 982 1003; x_wconf 80' lang='lat' dir='ltr'>sed</span> <span class='ocrx_word' id='word_1_43' title='bbox 1004 957 1159 1018; x_wconf 64' lang='lat' dir='ltr'>adjuti</span> <span class='ocrx_word' id='word_1_44' title='bbox 1184 956 1237 1004; x_wconf 88' lang='lat' dir='ltr'>iu</span> <span class='ocrx_word' id='word_1_45' title='bbox 1260 955 1355 1018; x_wconf 89' lang='lat' dir='ltr'>eis,</span> <span class='ocrx_word' id='word_1_46' title='bbox 1384 971 1502 1022; x_wconf 70' lang='lat' dir='ltr'>quie</span> 
     </span>
     <span class='ocr_line' id='line_1_10' title="bbox 442 1029 1507 1094; baseline 0.003 -17"><span class='ocrx_word' id='word_1_47' title='bbox 442 1031 619 1092; x_wconf 91' lang='lat' dir='ltr'>specie</span> <span class='ocrx_word' id='word_1_48' title='bbox 640 1031 987 1080; x_wconf 75' lang='lat' dir='ltr'>recusantium</span> <span class='ocrx_word' id='word_1_49' title='bbox 1008 1029 1397 1094; x_wconf 76' lang='lat' dir='ltr'>flagrantissime</span> <span class='ocrx_word' id='word_1_50' title='bbox 1418 1045 1507 1080; x_wconf 88' lang='lat' dir='ltr'>eu·</span> 
     </span>
     <span class='ocr_line' id='line_1_11' title="bbox 442 1106 1506 1170; baseline 0.002 -16"><span class='ocrx_word' id='word_1_51' title='bbox 442 1106 675 1170; x_wconf 81' lang='lat' dir='ltr'>piebaut.</span> <span class='ocrx_word' id='word_1_52' title='bbox 740 1107 969 1156; x_wconf 86' lang='lat' dir='ltr'>Verbum</span> <span class='ocrx_word' id='word_1_53' title='bbox 992 1108 1065 1157; x_wconf 89' lang='lat' dir='ltr'>sic</span> <span class='ocrx_word' id='word_1_54' title='bbox 1102 1108 1263 1157; x_wconf 77' lang='lat' dir='ltr'>habes</span> <span class='ocrx_word' id='word_1_55' title='bbox 1294 1109 1506 1158; x_wconf 87' lang='lat' dir='ltr'>undeci-</span> 
     </span>
     <span class='ocr_line' id='line_1_12' title="bbox 442 1184 1509 1248; baseline 0.002 -17"><span class='ocrx_word' id='word_1_56' title='bbox 442 1195 527 1231; x_wconf 85' lang='lat' dir='ltr'>mo</span> <span class='ocrx_word' id='word_1_57' title='bbox 550 1188 815 1231; x_wconf 84' lang='lat' dir='ltr'>extremo:</span> <span class='ocrx_word' id='word_1_58' title='bbox 842 1189 857 1210; x_wconf 89' lang='lat'><em>‘</em></span> <span class='ocrx_word' id='word_1_59' title='bbox 880 1184 1132 1248; x_wconf 77' lang='lat' dir='ltr'>Juvitque</span> <span class='ocrx_word' id='word_1_60' title='bbox 1156 1185 1269 1247; x_wconf 87' lang='lat' dir='ltr'>ejus</span> <span class='ocrx_word' id='word_1_61' title='bbox 1290 1184 1509 1234; x_wconf 83' lang='lat' dir='ltr'>oblivio·</span> 
     </span>
     <span class='ocr_line' id='line_1_13' title="bbox 442 1258 1510 1310; baseline 0.002 -4"><span class='ocrx_word' id='word_1_62' title='bbox 442 1271 560 1306; x_wconf 87' lang='lat' dir='ltr'>nem</span> <span class='ocrx_word' id='word_1_63' title='bbox 595 1258 853 1308; x_wconf 83' lang='lat' dir='ltr'>Senatus.&#39;</span> <span class='ocrx_word' id='word_1_64' title='bbox 920 1259 1033 1309; x_wconf 86' lang='lat' dir='ltr'>Lib.</span> <span class='ocrx_word' id='word_1_65' title='bbox 1056 1274 1157 1308; x_wconf 77' lang='lat' dir='ltr'>xn-</span> <span class='ocrx_word' id='word_1_66' title='bbox 1182 1265 1231 1310; x_wconf 71' lang='lat'>8.</span> <span class='ocrx_word' id='word_1_67' title='bbox 1263 1261 1279 1288; x_wconf 79' lang='lat'>⁸</span> <span class='ocrx_word' id='word_1_68' title='bbox 1308 1263 1510 1310; x_wconf 76' lang='lat' dir='ltr'>Praeva-</span> 
     </span>
     <span class='ocr_line' id='line_1_14' title="bbox 442 1331 1509 1400; baseline 0.002 -16"><span class='ocrx_word' id='word_1_69' title='bbox 442 1331 585 1384; x_wconf 82' lang='lat' dir='ltr'>luere</span> <span class='ocrx_word' id='word_1_70' title='bbox 626 1335 737 1384; x_wconf 64' lang='lat' dir='ltr'>lucc</span> <span class='ocrx_word' id='word_1_71' title='bbox 772 1335 949 1399; x_wconf 80' lang='lat' dir='ltr'>adjuta</span> <span class='ocrx_word' id='word_1_72' title='bbox 988 1335 1297 1400; x_wconf 67' lang='lat' dir='ltr'>Agrippina».</span> <span class='ocrx_word' id='word_1_73' title='bbox 1335 1337 1509 1386; x_wconf 86' lang='lat' dir='ltr'>illece-</span> 
     </span>
     <span class='ocr_line' id='line_1_15' title="bbox 444 1407 1510 1461; baseline 0 -1"><span class='ocrx_word' id='word_1_74' title='bbox 444 1407 585 1460; x_wconf 68' lang='lat' dir='ltr'>bris?</span> <span class='ocrx_word' id='word_1_75' title='bbox 652 1411 721 1459; x_wconf 86' lang='lat' dir='ltr'>Et</span> <span class='ocrx_word' id='word_1_76' title='bbox 740 1411 925 1458; x_wconf 82' lang='lat' dir='ltr'>eodem</span> <span class='ocrx_word' id='word_1_77' title='bbox 942 1425 991 1459; x_wconf 90' lang='lat' dir='ltr'>c.</span> <span class='ocrx_word' id='word_1_78' title='bbox 1014 1416 1096 1461; x_wconf 79' lang='lat'>61.</span> <span class='ocrx_word' id='word_1_79' title='bbox 1127 1413 1142 1439; x_wconf 88' lang='lat'>‘</span> <span class='ocrx_word' id='word_1_80' title='bbox 1166 1411 1411 1460; x_wconf 75' lang='lat' dir='ltr'>Claudius</span> <span class='ocrx_word' id='word_1_81' title='bbox 1432 1411 1510 1460; x_wconf 82' lang='lat' dir='ltr'>fu-</span> 
     </span>
     <span class='ocr_line' id='line_1_16' title="bbox 446 1485 1512 1549; baseline 0 -15"><span class='ocrx_word' id='word_1_82' title='bbox 446 1486 644 1534; x_wconf 85' lang='lat' dir='ltr'>ciiitate</span> <span class='ocrx_word' id='word_1_83' title='bbox 669 1486 841 1548; x_wconf 87' lang='lat' dir='ltr'>solita,</span> <span class='ocrx_word' id='word_1_84' title='bbox 882 1485 1019 1549; x_wconf 90' lang='lat' dir='ltr'>quod</span> <span class='ocrx_word' id='word_1_85' title='bbox 1044 1486 1129 1534; x_wconf 87' lang='lat' dir='ltr'>uni</span> <span class='ocrx_word' id='word_1_86' title='bbox 1163 1493 1512 1548; x_wconf 71' lang='lat' dir='ltr'>concesserat,</span> 
     </span>
     <span class='ocr_line' id='line_1_17' title="bbox 446 1560 1510 1625; baseline 0.002 -17"><span class='ocrx_word' id='word_1_87' title='bbox 446 1560 599 1608; x_wconf 84' lang='lat' dir='ltr'>nullis</span> <span class='ocrx_word' id='word_1_88' title='bbox 616 1561 937 1610; x_wconf 79' lang='lat' dir='ltr'>extrinsecus</span> <span class='ocrx_word' id='word_1_89' title='bbox 951 1561 1036 1625; x_wconf 76' lang='lat' dir='ltr'>adj</span> <span class='ocrx_word' id='word_1_90' title='bbox 1044 1563 1262 1610; x_wconf 85' lang='lat' dir='ltr'>umentis</span> <span class='ocrx_word' id='word_1_91' title='bbox 1279 1561 1510 1611; x_wconf 66' lang='lat' dir='ltr'>velavit!</span> 
     </span>
     <span class='ocr_line' id='line_1_18' title="bbox 446 1637 1512 1700; baseline 0.001 -16"><span class='ocrx_word' id='word_1_92' title='bbox 446 1637 721 1684; x_wconf 72' lang='lat' dir='ltr'><strong>Suetonius</strong></span> <span class='ocrx_word' id='word_1_93' title='bbox 759 1637 1002 1687; x_wconf 85' lang='lat' dir='ltr'>Vitellio:</span> <span class='ocrx_word' id='word_1_94' title='bbox 1053 1638 1069 1664; x_wconf 91' lang='lat'>‘</span> <span class='ocrx_word' id='word_1_95' title='bbox 1094 1637 1295 1686; x_wconf 86' lang='lat' dir='ltr'>Neroni</span> <span class='ocrx_word' id='word_1_96' title='bbox 1328 1649 1512 1700; x_wconf 84' lang='lat' dir='ltr'>accep-</span> 
     </span>
     <span class='ocr_line' id='line_1_19' title="bbox 449 1710 1512 1776; baseline -0.001 -15"><span class='ocrx_word' id='word_1_97' title='bbox 449 1711 553 1761; x_wconf 84' lang='lat' dir='ltr'>tior</span> <span class='ocrx_word' id='word_1_98' title='bbox 576 1712 823 1775; x_wconf 73' lang='lat' dir='ltr'>peculiari</span> <span class='ocrx_word' id='word_1_99' title='bbox 838 1713 1041 1774; x_wconf 87' lang='lat' dir='ltr'>merito,</span> <span class='ocrx_word' id='word_1_100' title='bbox 1062 1712 1201 1776; x_wconf 91' lang='lat' dir='ltr'>quod</span> <span class='ocrx_word' id='word_1_101' title='bbox 1228 1710 1512 1776; x_wconf 74' lang='lat' dir='ltr'>proesidens</span> 
     </span>
     <span class='ocr_line' id='line_1_20' title="bbox 453 1787 1517 1852; baseline -0.002 -16"><span class='ocrx_word' id='word_1_102' title='bbox 453 1788 723 1838; x_wconf 74' lang='lat' dir='ltr'>certamini</span> <span class='ocrx_word' id='word_1_103' title='bbox 758 1789 1021 1852; x_wconf 78' lang='lat' dir='ltr'>Neroneo,</span> <span class='ocrx_word' id='word_1_104' title='bbox 1052 1787 1349 1851; x_wconf 84' lang='lat' dir='ltr'>cupientem</span> <span class='ocrx_word' id='word_1_105' title='bbox 1379 1787 1517 1835; x_wconf 88' lang='lat' dir='ltr'>inter</span> 
     </span>
     <span class='ocr_line' id='line_1_21' title="bbox 450 1863 1516 1927; baseline 0.001 -16"><span class='ocrx_word' id='word_1_106' title='bbox 450 1863 761 1912; x_wconf 80' lang='lat' dir='ltr'>citharoedos</span> <span class='ocrx_word' id='word_1_107' title='bbox 783 1864 1117 1924; x_wconf 80' lang='lat' dir='ltr'>contendere,</span> <span class='ocrx_word' id='word_1_108' title='bbox 1150 1879 1247 1913; x_wconf 88' lang='lat' dir='ltr'>uec</span> <span class='ocrx_word' id='word_1_109' title='bbox 1284 1863 1516 1927; x_wconf 83' lang='lat' dir='ltr'>quamvis</span> 
     </span>
     <span class='ocr_line' id='line_1_22' title="bbox 450 1938 1516 2005; baseline -0.002 -15"><span class='ocrx_word' id='word_1_110' title='bbox 450 1938 809 2004; x_wconf 80' lang='lat' dir='ltr'>flagitantibus</span> <span class='ocrx_word' id='word_1_111' title='bbox 843 1942 1047 1990; x_wconf 88' lang='lat' dir='ltr'>cunctis</span> <span class='ocrx_word' id='word_1_112' title='bbox 1086 1942 1391 2005; x_wconf 85' lang='lat' dir='ltr'>promittere</span> <span class='ocrx_word' id='word_1_113' title='bbox 1429 1955 1516 1988; x_wconf 84' lang='lat' dir='ltr'>au-</span> 
     </span>
     <span class='ocr_line' id='line_1_23' title="bbox 454 2015 1518 2081; baseline 0.002 -17"><span class='ocrx_word' id='word_1_114' title='bbox 454 2015 687 2078; x_wconf 84' lang='lat' dir='ltr'>dentem,</span> <span class='ocrx_word' id='word_1_115' title='bbox 724 2016 945 2081; x_wconf 83' lang='lat' dir='ltr'>ideoque</span> <span class='ocrx_word' id='word_1_116' title='bbox 990 2031 1251 2080; x_wconf 79' lang='lat' dir='ltr'>egressum</span> <span class='ocrx_word' id='word_1_117' title='bbox 1296 2017 1518 2080; x_wconf 82' lang='lat' dir='ltr'>theatro,</span> 
     </span>
     <span class='ocr_line' id='line_1_24' title="bbox 453 2093 1518 2156; baseline 0 -16"><span class='ocrx_word' id='word_1_118' title='bbox 453 2100 793 2140; x_wconf 81' lang='lat' dir='ltr'>revocaverat</span> <span class='ocrx_word' id='word_1_119' title='bbox 824 2093 967 2156; x_wconf 84' lang='lat' dir='ltr'>quasi</span> <span class='ocrx_word' id='word_1_120' title='bbox 1008 2093 1389 2155; x_wconf 80' lang='lat' dir='ltr'>perseverantis</span> <span class='ocrx_word' id='word_1_121' title='bbox 1425 2107 1518 2156; x_wconf 85' lang='lat' dir='ltr'>po·</span> 
     </span>
     <span class='ocr_line' id='line_1_25' title="bbox 457 2167 1520 2232; baseline 0 -16"><span class='ocrx_word' id='word_1_122' title='bbox 457 2167 567 2232; x_wconf 81' lang='lat' dir='ltr'>puli</span> <span class='ocrx_word' id='word_1_123' title='bbox 595 2168 857 2230; x_wconf 72' lang='lat' dir='ltr'>legatione</span> <span class='ocrx_word' id='word_1_124' title='bbox 879 2175 1143 2230; x_wconf 77' lang='lat' dir='ltr'>suscepto,</span> <span class='ocrx_word' id='word_1_125' title='bbox 1178 2168 1520 2218; x_wconf 82' lang='lat' dir='ltr'>exorandum-</span> 
     </span>
     <span class='ocr_line' id='line_1_26' title="bbox 458 2243 1520 2308; baseline -0.002 -16"><span class='ocrx_word' id='word_1_126' title='bbox 458 2257 557 2307; x_wconf 88' lang='lat' dir='ltr'>que</span> <span class='ocrx_word' id='word_1_127' title='bbox 582 2244 907 2306; x_wconf 59' lang='lat' dir='ltr'>praebuerat.⁹</span> <span class='ocrx_word' id='word_1_128' title='bbox 950 2243 1054 2294; x_wconf 87' lang='lat' dir='ltr'>Hic</span> <span class='ocrx_word' id='word_1_129' title='bbox 1070 2257 1275 2308; x_wconf 88' lang='lat' dir='ltr'>quoque</span> <span class='ocrx_word' id='word_1_130' title='bbox 1295 2243 1520 2308; x_wconf 79' lang='lat' dir='ltr'>adjutus,</span> 
     </span>
     <span class='ocr_line' id='line_1_27' title="bbox 459 2318 1522 2385; baseline 0.001 -17"><span class='ocrx_word' id='word_1_131' title='bbox 459 2333 561 2368; x_wconf 86' lang='lat' dir='ltr'>nou</span> <span class='ocrx_word' id='word_1_132' title='bbox 586 2318 810 2368; x_wconf 75' lang='lat' dir='ltr'>auditus.</span> <span class='ocrx_word' id='word_1_133' title='bbox 846 2320 1044 2369; x_wconf 84' lang='lat' dir='ltr'>Noster</span> <span class='ocrx_word' id='word_1_134' title='bbox 1066 2335 1271 2385; x_wconf 87' lang='lat' dir='ltr'>quoque</span> <span class='ocrx_word' id='word_1_135' title='bbox 1296 2320 1381 2369; x_wconf 87' lang='lat' dir='ltr'>lib.</span> <span class='ocrx_word' id='word_1_136' title='bbox 1403 2332 1522 2370; x_wconf 74' lang='lat' dir='ltr'>xlv,</span> 
     </span>
     <span class='ocr_line' id='line_1_28' title="bbox 458 2394 1524 2460; baseline 0.002 -17"><span class='ocrx_word' id='word_1_137' title='bbox 458 2396 474 2421; x_wconf 91' lang='lat'>‘</span> <span class='ocrx_word' id='word_1_138' title='bbox 499 2394 675 2460; x_wconf 75' lang='lat' dir='ltr'>Atque</span> <span class='ocrx_word' id='word_1_139' title='bbox 713 2410 830 2446; x_wconf 77' lang='lat' dir='ltr'>euru</span> <span class='ocrx_word' id='word_1_140' title='bbox 869 2404 1079 2446; x_wconf 76' lang='lat' dir='ltr'>auctore</span> <span class='ocrx_word' id='word_1_141' title='bbox 1118 2398 1320 2447; x_wconf 86' lang='lat' dir='ltr'>Burrho</span> <span class='ocrx_word' id='word_1_142' title='bbox 1357 2398 1524 2459; x_wconf 81' lang='lat' dir='ltr'>prima</span> 
     </span>
     <span class='ocr_line' id='line_1_29' title="bbox 462 2470 1524 2535; baseline 0 -16"><span class='ocrx_word' id='word_1_143' title='bbox 462 2472 822 2520; x_wconf 80' lang='lat' dir='ltr'>centurionum</span> <span class='ocrx_word' id='word_1_144' title='bbox 846 2472 1264 2535; x_wconf 82' lang='lat' dir='ltr'>tribunorumque</span> <span class='ocrx_word' id='word_1_145' title='bbox 1294 2470 1524 2520; x_wconf 72' lang='lat' dir='ltr'>adulatio</span> 
     </span>
     <span class='ocr_line' id='line_1_30' title="bbox 461 2546 1524 2612; baseline 0.002 -17"><span class='ocrx_word' id='word_1_146' title='bbox 461 2546 724 2596; x_wconf 64' lang='lat' dir='ltr'>firmavit!</span> <span class='ocrx_word' id='word_1_147' title='bbox 788 2548 861 2596; x_wconf 87' lang='lat' dir='ltr'>Et</span> <span class='ocrx_word' id='word_1_148' title='bbox 902 2547 1003 2596; x_wconf 84' lang='lat' dir='ltr'>hoc</span> <span class='ocrx_word' id='word_1_149' title='bbox 1044 2546 1321 2611; x_wconf 78' lang='lat' dir='ltr'>adjuvandi</span> <span class='ocrx_word' id='word_1_150' title='bbox 1346 2560 1524 2612; x_wconf 79' lang='lat' dir='ltr'>genus.</span> 
     </span>
     <span class='ocr_line' id='line_1_31' title="bbox 469 2621 677 2671; baseline 0.01 -2"><span class='ocrx_word' id='word_1_151' title='bbox 469 2621 677 2671; x_wconf 75' lang='lat' dir='ltr'>Gronov.</span> 
     </span>
    </p>

    <p class='ocr_par' dir='ltr' id='par_1_3' title="bbox 464 2695 1536 3607">
     <span class='ocr_line' id='line_1_32' title="bbox 529 2695 1528 2760; baseline -0.002 -13"><span class='ocrx_word' id='word_1_152' title='bbox 529 2698 663 2747; x_wconf 59' lang='lat' dir='ltr'>Car.</span> <span class='ocrx_word' id='word_1_153' title='bbox 684 2701 765 2747; x_wconf 76' lang='lat'>36.</span> <span class='ocrx_word' id='word_1_154' title='bbox 792 2698 849 2747; x_wconf 89' lang='lat' dir='ltr'>C.</span> <span class='ocrx_word' id='word_1_155' title='bbox 876 2697 1065 2746; x_wconf 73' lang='lat' dir='ltr'>Cestius</span> <span class='ocrx_word' id='word_1_156' title='bbox 1086 2697 1309 2760; x_wconf 77' lang='lat' dir='ltr'>Senator]</span> <span class='ocrx_word' id='word_1_157' title='bbox 1331 2695 1528 2747; x_wconf 86' lang='lat' dir='ltr'>Nescio</span> 
     </span>
     <span class='ocr_line' id='line_1_33' title="bbox 470 2772 1528 2831; baseline 0.001 -11"><span class='ocrx_word' id='word_1_158' title='bbox 470 2787 537 2820; x_wconf 88' lang='lat' dir='ltr'>an</span> <span class='ocrx_word' id='word_1_159' title='bbox 562 2772 715 2821; x_wconf 84' lang='lat' dir='ltr'>moris</span> <span class='ocrx_word' id='word_1_160' title='bbox 752 2773 933 2823; x_wconf 88' lang='lat' dir='ltr'>Tacito</span> <span class='ocrx_word' id='word_1_161' title='bbox 955 2774 1091 2822; x_wconf 87' lang='lat' dir='ltr'>inter</span> <span class='ocrx_word' id='word_1_162' title='bbox 1114 2774 1291 2823; x_wconf 83' lang='lat' dir='ltr'>titulos</span> <span class='ocrx_word' id='word_1_163' title='bbox 1312 2772 1528 2831; x_wconf 85' lang='lat' dir='ltr'>addere,</span> 
     </span>
     <span class='ocr_line' id='line_1_34' title="bbox 470 2849 1530 2913; baseline 0 -16"><span class='ocrx_word' id='word_1_164' title='bbox 470 2850 689 2898; x_wconf 70' lang='lat' dir='ltr'>Senator.</span> <span class='ocrx_word' id='word_1_165' title='bbox 746 2850 816 2898; x_wconf 82' lang='lat' dir='ltr'>Et</span> <span class='ocrx_word' id='word_1_166' title='bbox 836 2850 958 2913; x_wconf 89' lang='lat' dir='ltr'>quid</span> <span class='ocrx_word' id='word_1_167' title='bbox 979 2850 1063 2898; x_wconf 87' lang='lat' dir='ltr'>hic</span> <span class='ocrx_word' id='word_1_168' title='bbox 1087 2850 1255 2913; x_wconf 79' lang='lat' dir='ltr'>opus?</span> <span class='ocrx_word' id='word_1_169' title='bbox 1300 2856 1390 2897; x_wconf 66' lang='lat' dir='ltr'>aiut</span> <span class='ocrx_word' id='word_1_170' title='bbox 1416 2849 1530 2912; x_wconf 85' lang='lat' dir='ltr'>quis</span> 
     </span>
     <span class='ocr_line' id='line_1_35' title="bbox 464 2925 1530 2975; baseline -0.002 0"><span class='ocrx_word' id='word_1_171' title='bbox 464 2925 663 2975; x_wconf 85' lang='lat' dir='ltr'>nesciat</span> <span class='ocrx_word' id='word_1_172' title='bbox 686 2926 737 2974; x_wconf 89' lang='lat' dir='ltr'>in</span> <span class='ocrx_word' id='word_1_173' title='bbox 760 2926 957 2975; x_wconf 72' lang='lat' dir='ltr'>Senatu</span> <span class='ocrx_word' id='word_1_174' title='bbox 980 2940 1081 2975; x_wconf 85' lang='lat' dir='ltr'>nou</span> <span class='ocrx_word' id='word_1_175' title='bbox 1106 2926 1201 2975; x_wconf 84' lang='lat' dir='ltr'>nisi</span> <span class='ocrx_word' id='word_1_176' title='bbox 1226 2925 1530 2975; x_wconf 78' lang='lat' dir='ltr'>senatorem</span> 
     </span>
     <span class='ocr_line' id='line_1_36' title="bbox 468 2998 1530 3067; baseline 0 -18"><span class='ocrx_word' id='word_1_177' title='bbox 468 2998 804 3050; x_wconf 79' lang='lat' dir='ltr'>disseruisse?</span> <span class='ocrx_word' id='word_1_178' title='bbox 870 3000 1091 3065; x_wconf 78' lang='lat' dir='ltr'>Ambigo</span> <span class='ocrx_word' id='word_1_179' title='bbox 1114 3001 1242 3067; x_wconf 84' lang='lat' dir='ltr'>(non</span> <span class='ocrx_word' id='word_1_180' title='bbox 1279 3002 1415 3050; x_wconf 89' lang='lat' dir='ltr'>enim</span> <span class='ocrx_word' id='word_1_181' title='bbox 1455 3000 1530 3049; x_wconf 81' lang='lat' dir='ltr'>af-</span> 
     </span>
     <span class='ocr_line' id='line_1_37' title="bbox 468 3076 1530 3139; baseline -0.001 -13"><span class='ocrx_word' id='word_1_182' title='bbox 468 3076 641 3139; x_wconf 78' lang='lat' dir='ltr'>firmo)</span> <span class='ocrx_word' id='word_1_183' title='bbox 677 3091 741 3127; x_wconf 89' lang='lat' dir='ltr'>an</span> <span class='ocrx_word' id='word_1_184' title='bbox 766 3092 865 3127; x_wconf 87' lang='lat' dir='ltr'>nou</span> <span class='ocrx_word' id='word_1_185' title='bbox 888 3076 1059 3127; x_wconf 74' lang='lat' dir='ltr'>Senior</span> <span class='ocrx_word' id='word_1_186' title='bbox 1087 3076 1530 3127; x_wconf 73' lang='lat' dir='ltr'>substituendumz</span> 
     </span>
     <span class='ocr_line' id='line_1_38' title="bbox 470 3153 1532 3220; baseline -0.002 -16"><span class='ocrx_word' id='word_1_187' title='bbox 470 3153 536 3204; x_wconf 79' lang='lat' dir='ltr'>ad</span> <span class='ocrx_word' id='word_1_188' title='bbox 562 3155 875 3205; x_wconf 86' lang='lat' dir='ltr'>discrimen:</span> <span class='ocrx_word' id='word_1_189' title='bbox 910 3156 1027 3220; x_wconf 83' lang='lat' dir='ltr'>quia</span> <span class='ocrx_word' id='word_1_190' title='bbox 1058 3155 1261 3219; x_wconf 82' lang='lat' dir='ltr'>reperio</span> <span class='ocrx_word' id='word_1_191' title='bbox 1295 3154 1387 3203; x_wconf 89' lang='lat' dir='ltr'>ilio</span> <span class='ocrx_word' id='word_1_192' title='bbox 1420 3168 1532 3203; x_wconf 74' lang='lat' dir='ltr'>aevo</span> 
     </span>
     <span class='ocr_line' id='line_1_39' title="bbox 473 3230 1530 3297; baseline 0 -16"><span class='ocrx_word' id='word_1_193' title='bbox 473 3230 601 3281; x_wconf 73' lang='lat' dir='ltr'>duos</span> <span class='ocrx_word' id='word_1_194' title='bbox 618 3232 823 3283; x_wconf 85' lang='lat' dir='ltr'>Cestios</span> <span class='ocrx_word' id='word_1_195' title='bbox 842 3232 1019 3295; x_wconf 82' lang='lat' dir='ltr'>fuisse,</span> <span class='ocrx_word' id='word_1_196' title='bbox 1036 3242 1235 3297; x_wconf 85' lang='lat' dir='ltr'>patrem</span> <span class='ocrx_word' id='word_1_197' title='bbox 1260 3239 1315 3283; x_wconf 88' lang='lat' dir='ltr'>et</span> <span class='ocrx_word' id='word_1_198' title='bbox 1335 3232 1530 3282; x_wconf 82' lang='lat' dir='ltr'>filium:</span> 
     </span>
     <span class='ocr_line' id='line_1_40' title="bbox 472 3306 1532 3371; baseline 0.002 -16"><span class='ocrx_word' id='word_1_199' title='bbox 472 3306 605 3357; x_wconf 86' lang='lat' dir='ltr'>libro</span> <span class='ocrx_word' id='word_1_200' title='bbox 627 3322 705 3357; x_wconf 80' lang='lat' dir='ltr'>vr.</span> <span class='ocrx_word' id='word_1_201' title='bbox 746 3307 903 3371; x_wconf 75' lang='lat' dir='ltr'>iufra,</span> <span class='ocrx_word' id='word_1_202' title='bbox 934 3311 949 3337; x_wconf 87' lang='lat'>‘</span> <span class='ocrx_word' id='word_1_203' title='bbox 975 3308 1260 3358; x_wconf 82' lang='lat' dir='ltr'>Admonuit</span> <span class='ocrx_word' id='word_1_204' title='bbox 1300 3308 1532 3359; x_wconf 81' lang='lat' dir='ltr'>Cestium</span> 
     </span>
     <span class='ocr_line' id='line_1_41' title="bbox 472 3381 1536 3451; baseline 0.001 -18"><span class='ocrx_word' id='word_1_205' title='bbox 472 3386 717 3451; x_wconf 64' lang='lat' dir='ltr'>patrem!</span> <span class='ocrx_word' id='word_1_206' title='bbox 782 3385 867 3437; x_wconf 82' lang='lat' dir='ltr'>An</span> <span class='ocrx_word' id='word_1_207' title='bbox 900 3386 1061 3448; x_wconf 78' lang='lat' dir='ltr'>magis</span> <span class='ocrx_word' id='word_1_208' title='bbox 1094 3386 1291 3449; x_wconf 84' lang='lat' dir='ltr'>placet,</span> <span class='ocrx_word' id='word_1_209' title='bbox 1322 3381 1536 3434; x_wconf 71' lang='lat' dir='ltr'>Senatu?</span> 
     </span>
     <span class='ocr_line' id='line_1_42' title="bbox 476 3462 1536 3529; baseline -0.001 -17"><span class='ocrx_word' id='word_1_210' title='bbox 476 3465 615 3529; x_wconf 88' lang='lat' dir='ltr'>quod</span> <span class='ocrx_word' id='word_1_211' title='bbox 646 3472 786 3515; x_wconf 87' lang='lat' dir='ltr'>esset</span> <span class='ocrx_word' id='word_1_212' title='bbox 806 3466 860 3515; x_wconf 85' lang='lat' dir='ltr'>in</span> <span class='ocrx_word' id='word_1_213' title='bbox 880 3466 1107 3516; x_wconf 80' lang='lat' dir='ltr'>Senatu:</span> <span class='ocrx_word' id='word_1_214' title='bbox 1143 3464 1338 3529; x_wconf 85' lang='lat' dir='ltr'>elieipsi</span> <span class='ocrx_word' id='word_1_215' title='bbox 1356 3462 1536 3513; x_wconf 78' lang='lat' dir='ltr'>Tacito</span> 
     </span>
     <span class='ocr_line' id='line_1_43' title="bbox 478 3543 1019 3607; baseline 0.004 -16"><span class='ocrx_word' id='word_1_216' title='bbox 478 3543 777 3606; x_wconf 84' lang='lat' dir='ltr'>percrebra.</span> <span class='ocrx_word' id='word_1_217' title='bbox 812 3543 1019 3607; x_wconf 77' lang='lat' dir='ltr'>Lipsius.</span> 
     </span>
    </p>

    <p class='ocr_par' dir='ltr' id='par_1_4' title="bbox 476 3618 1548 4228">
     <span class='ocr_line' id='line_1_44' title="bbox 544 3618 1538 3683; baseline -0.002 -14"><span class='ocrx_word' id='word_1_218' title='bbox 544 3622 607 3669; x_wconf 78' lang='lat' dir='ltr'>C.</span> <span class='ocrx_word' id='word_1_219' title='bbox 630 3618 813 3669; x_wconf 67' lang='lat' dir='ltr'>Sestius</span> <span class='ocrx_word' id='word_1_220' title='bbox 841 3619 1068 3683; x_wconf 67' lang='lat' dir='ltr'>Senator]</span> <span class='ocrx_word' id='word_1_221' title='bbox 1112 3620 1395 3683; x_wconf 80' lang='lat' dir='ltr'>Suspectus</span> <span class='ocrx_word' id='word_1_222' title='bbox 1415 3619 1538 3682; x_wconf 88' lang='lat' dir='ltr'>Lip-</span> 
     </span>
     <span class='ocr_line' id='line_1_45' title="bbox 476 3696 1540 3761; baseline -0.003 -14"><span class='ocrx_word' id='word_1_223' title='bbox 476 3698 553 3747; x_wconf 86' lang='lat' dir='ltr'>sio</span> <span class='ocrx_word' id='word_1_224' title='bbox 578 3698 756 3747; x_wconf 85' lang='lat' dir='ltr'>titulus</span> <span class='ocrx_word' id='word_1_225' title='bbox 778 3698 893 3761; x_wconf 87' lang='lat' dir='ltr'>iste,</span> <span class='ocrx_word' id='word_1_226' title='bbox 930 3700 1151 3759; x_wconf 72' lang='lat' dir='ltr'>Senator,</span> <span class='ocrx_word' id='word_1_227' title='bbox 1180 3712 1298 3747; x_wconf 86' lang='lat' dir='ltr'>cum</span> <span class='ocrx_word' id='word_1_228' title='bbox 1332 3696 1404 3746; x_wconf 86' lang='lat' dir='ltr'>sit</span> <span class='ocrx_word' id='word_1_229' title='bbox 1436 3696 1540 3745; x_wconf 86' lang='lat' dir='ltr'>cia-</span> 
     </span>
     <span class='ocr_line' id='line_1_46' title="bbox 478 3773 1542 3837; baseline -0.004 -14"><span class='ocrx_word' id='word_1_230' title='bbox 478 3788 613 3837; x_wconf 86' lang='lat' dir='ltr'>rum,</span> <span class='ocrx_word' id='word_1_231' title='bbox 656 3774 711 3823; x_wconf 88' lang='lat' dir='ltr'>in</span> <span class='ocrx_word' id='word_1_232' title='bbox 748 3774 941 3823; x_wconf 72' lang='lat' dir='ltr'>Senatu</span> <span class='ocrx_word' id='word_1_233' title='bbox 977 3787 1079 3823; x_wconf 87' lang='lat' dir='ltr'>uon</span> <span class='ocrx_word' id='word_1_234' title='bbox 1102 3774 1201 3823; x_wconf 88' lang='lat' dir='ltr'>nisi</span> <span class='ocrx_word' id='word_1_235' title='bbox 1238 3773 1542 3823; x_wconf 75' lang='lat' dir='ltr'>senatorem</span> 
     </span>
     <span class='ocr_line' id='line_1_47' title="bbox 482 3848 1546 3915; baseline -0.002 -16"><span class='ocrx_word' id='word_1_236' title='bbox 482 3850 799 3901; x_wconf 86' lang='lat' dir='ltr'>disseruisse.</span> <span class='ocrx_word' id='word_1_237' title='bbox 878 3851 1066 3915; x_wconf 85' lang='lat' dir='ltr'>Neque</span> <span class='ocrx_word' id='word_1_238' title='bbox 1108 3864 1209 3914; x_wconf 77' lang='lat' dir='ltr'>ego</span> <span class='ocrx_word' id='word_1_239' title='bbox 1252 3848 1406 3898; x_wconf 81' lang='lat' dir='ltr'>aliter</span> <span class='ocrx_word' id='word_1_240' title='bbox 1433 3860 1546 3897; x_wconf 81' lang='lat' dir='ltr'>sen-</span> 
     </span>
     <span class='ocr_line' id='line_1_48' title="bbox 486 3922 1546 3977; baseline -0.004 0"><span class='ocrx_word' id='word_1_241' title='bbox 486 3927 587 3977; x_wconf 81' lang='lat' dir='ltr'>tio:</span> <span class='ocrx_word' id='word_1_242' title='bbox 624 3934 797 3977; x_wconf 83' lang='lat' dir='ltr'>tamen</span> <span class='ocrx_word' id='word_1_243' title='bbox 824 3928 994 3977; x_wconf 84' lang='lat' dir='ltr'>locum</span> <span class='ocrx_word' id='word_1_244' title='bbox 1040 3926 1261 3975; x_wconf 83' lang='lat' dir='ltr'>similem</span> <span class='ocrx_word' id='word_1_245' title='bbox 1281 3925 1333 3973; x_wconf 85' lang='lat' dir='ltr'>iu</span> <span class='ocrx_word' id='word_1_246' title='bbox 1355 3922 1546 3973; x_wconf 78' lang='lat' dir='ltr'>Tacito</span> 
     </span>
     <span class='ocr_line' id='line_1_49' title="bbox 486 3998 1546 4066; baseline -0.004 -13"><span class='ocrx_word' id='word_1_247' title='bbox 486 4002 775 4066; x_wconf 71' lang='lat' dir='ltr'>observavi,</span> <span class='ocrx_word' id='word_1_248' title='bbox 816 4003 999 4053; x_wconf 80' lang='lat' dir='ltr'>Annal.</span> <span class='ocrx_word' id='word_1_249' title='bbox 1033 4004 1070 4052; x_wconf 91' lang='grc'>1.</span> <span class='ocrx_word' id='word_1_250' title='bbox 1093 4016 1131 4052; x_wconf 82' lang='grc' dir='ltr'>ι.</span> <span class='ocrx_word' id='word_1_251' title='bbox 1162 3999 1343 4065; x_wconf 65' lang='lat' dir='ltr'>prope}</span> <span class='ocrx_word' id='word_1_252' title='bbox 1368 3998 1546 4061; x_wconf 82' lang='lat' dir='ltr'>finem,</span> 
     </span>
     <span class='ocr_line' id='line_1_50' title="bbox 485 4076 1546 4145; baseline -0.004 -16"><span class='ocrx_word' id='word_1_253' title='bbox 485 4080 577 4129; x_wconf 84' lang='lat' dir='ltr'>ubi</span> <span class='ocrx_word' id='word_1_254' title='bbox 618 4080 723 4129; x_wconf 80' lang='lat' dir='ltr'>ait:</span> <span class='ocrx_word' id='word_1_255' title='bbox 756 4084 771 4109; x_wconf 83' lang='lat'>⁸</span> <span class='ocrx_word' id='word_1_256' title='bbox 792 4080 941 4130; x_wconf 81' lang='lat' dir='ltr'>Inter</span> <span class='ocrx_word' id='word_1_257' title='bbox 975 4094 1091 4145; x_wconf 68' lang='lat' dir='ltr'>quie</span> <span class='ocrx_word' id='word_1_258' title='bbox 1134 4078 1260 4129; x_wconf 85' lang='lat' dir='ltr'>Pius</span> <span class='ocrx_word' id='word_1_259' title='bbox 1304 4076 1546 4127; x_wconf 81' lang='lat' dir='ltr'>Aurelius</span> 
     </span>
     <span class='ocr_line' id='line_1_51' title="bbox 488 4152 1548 4228; baseline -0.004 -20"><span class='ocrx_word' id='word_1_260' title='bbox 488 4156 727 4217; x_wconf 75' lang='lat' dir='ltr'>Senator,</span> <span class='ocrx_word' id='word_1_261' title='bbox 744 4156 1008 4228; x_wconf 59' lang='lat' dir='ltr'>questus?</span> <span class='ocrx_word' id='word_1_262' title='bbox 1038 4170 1159 4206; x_wconf 80' lang='lat' dir='ltr'>nam</span> <span class='ocrx_word' id='word_1_263' title='bbox 1180 4159 1239 4205; x_wconf 85' lang='lat' dir='ltr'>et</span> <span class='ocrx_word' id='word_1_264' title='bbox 1274 4152 1351 4205; x_wconf 82' lang='lat' dir='ltr'>ibi</span> <span class='ocrx_word' id='word_1_265' title='bbox 1388 4154 1548 4204; x_wconf 84' lang='lat' dir='ltr'>resin</span> 
     </span>
    </p>
   </div>
   <div class='ocr_carea' id='block_1_3' title="bbox 1121 277 1918 329">
    <p class='ocr_par' dir='ltr' id='par_1_5' title="bbox 1121 277 1918 329">
     <span class='ocr_line' id='line_1_52' title="bbox 1121 277 1918 329; baseline 0 -1"><span class='ocrx_word' id='word_1_266' title='bbox 1121 279 1165 328; x_wconf 69' lang='lat' dir='ltr'>N</span> <span class='ocrx_word' id='word_1_267' title='bbox 1178 278 1337 328; x_wconf 74' lang='lat' dir='ltr'>OTAE</span> <span class='ocrx_word' id='word_1_268' title='bbox 1386 279 1791 329; x_wconf 72' lang='lat' dir='ltr'>VAnloRuu</span> <span class='ocrx_word' id='word_1_269' title='bbox 1839 277 1918 328; x_wconf 77' lang='lat' dir='ltr'>m</span> 
     </span>
    </p>
   </div>
   <div class='ocr_carea' id='block_1_4' title="bbox 1568 421 2690 4199">
    <p class='ocr_par' dir='ltr' id='par_1_6' title="bbox 1568 421 2648 850">
     <span class='ocr_line' id='line_1_53' title="bbox 1568 421 2644 486; baseline 0 -15"><span class='ocrx_word' id='word_1_270' title='bbox 1568 421 1762 472; x_wconf 78' lang='lat' dir='ltr'>Senatu</span> <span class='ocrx_word' id='word_1_271' title='bbox 1791 421 2098 486; x_wconf 70' lang='lat' dir='ltr'>agebantur.</span> <span class='ocrx_word' id='word_1_272' title='bbox 2163 421 2302 486; x_wconf 82' lang='lat' dir='ltr'>Ergo</span> <span class='ocrx_word' id='word_1_273' title='bbox 2323 421 2500 472; x_wconf 75' lang='lat' dir='ltr'>videat</span> <span class='ocrx_word' id='word_1_274' title='bbox 2527 421 2644 472; x_wconf 84' lang='lat' dir='ltr'>lec-</span> 
     </span>
     <span class='ocr_line' id='line_1_54' title="bbox 1569 497 2648 563; baseline -0.001 -16"><span class='ocrx_word' id='word_1_275' title='bbox 1569 505 1672 560; x_wconf 83' lang='lat' dir='ltr'>tor,</span> <span class='ocrx_word' id='word_1_276' title='bbox 1705 499 1837 548; x_wconf 82' lang='lat' dir='ltr'>sitne</span> <span class='ocrx_word' id='word_1_277' title='bbox 1863 506 2082 563; x_wconf 87' lang='lat' dir='ltr'>utroque</span> <span class='ocrx_word' id='word_1_278' title='bbox 2117 498 2170 546; x_wconf 90' lang='lat' dir='ltr'>iu</span> <span class='ocrx_word' id='word_1_279' title='bbox 2191 499 2308 547; x_wconf 87' lang='lat' dir='ltr'>ioco</span> <span class='ocrx_word' id='word_1_280' title='bbox 2331 497 2524 546; x_wconf 77' lang='lat' dir='ltr'>librarii</span> <span class='ocrx_word' id='word_1_281' title='bbox 2557 513 2648 546; x_wconf 86' lang='lat' dir='ltr'>er-</span> 
     </span>
     <span class='ocr_line' id='line_1_55' title="bbox 1573 573 2648 636; baseline 0.002 -14"><span class='ocrx_word' id='word_1_282' title='bbox 1573 587 1671 636; x_wconf 90' lang='lat' dir='ltr'>ror,</span> <span class='ocrx_word' id='word_1_283' title='bbox 1708 589 1772 623; x_wconf 82' lang='lat' dir='ltr'>an</span> <span class='ocrx_word' id='word_1_284' title='bbox 1795 574 2012 624; x_wconf 77' lang='lat' dir='ltr'>&#39;l&#39;acitus</span> <span class='ocrx_word' id='word_1_285' title='bbox 2033 573 2296 623; x_wconf 80' lang='lat' dir='ltr'>Senatoris</span> <span class='ocrx_word' id='word_1_286' title='bbox 2319 573 2526 622; x_wconf 85' lang='lat' dir='ltr'>titulum</span> <span class='ocrx_word' id='word_1_287' title='bbox 2553 574 2648 624; x_wconf 75' lang='lat' dir='ltr'>sd·</span> 
     </span>
     <span class='ocr_line' id='line_1_56' title="bbox 1573 647 2646 712; baseline 0.001 -14"><span class='ocrx_word' id='word_1_288' title='bbox 1573 649 1684 712; x_wconf 87' lang='lat' dir='ltr'>dat,</span> <span class='ocrx_word' id='word_1_289' title='bbox 1737 647 1876 700; x_wconf 82' lang='lat' dir='ltr'>forte</span> <span class='ocrx_word' id='word_1_290' title='bbox 1916 649 1984 699; x_wconf 91' lang='lat' dir='ltr'>ad</span> <span class='ocrx_word' id='word_1_291' title='bbox 2029 647 2376 698; x_wconf 82' lang='lat' dir='ltr'>differentiam</span> <span class='ocrx_word' id='word_1_292' title='bbox 2417 650 2646 699; x_wconf 82' lang='lat' dir='ltr'>aliorum</span> 
     </span>
     <span class='ocr_line' id='line_1_57' title="bbox 1573 725 2648 790; baseline -0.001 -16"><span class='ocrx_word' id='word_1_293' title='bbox 1573 725 1802 790; x_wconf 81' lang='lat' dir='ltr'>ejusdem</span> <span class='ocrx_word' id='word_1_294' title='bbox 1845 725 2062 776; x_wconf 87' lang='lat' dir='ltr'>nominis</span> <span class='ocrx_word' id='word_1_295' title='bbox 2088 731 2144 774; x_wconf 87' lang='lat' dir='ltr'>et</span> <span class='ocrx_word' id='word_1_296' title='bbox 2181 725 2516 789; x_wconf 82' lang='lat' dir='ltr'>cognominis,</span> <span class='ocrx_word' id='word_1_297' title='bbox 2549 725 2648 790; x_wconf 84' lang='lat' dir='ltr'>qui</span> 
     </span>
     <span class='ocr_line' id='line_1_58' title="bbox 1575 799 2426 850; baseline -0.005 0"><span class='ocrx_word' id='word_1_298' title='bbox 1575 803 1850 850; x_wconf 73' lang='lat' dir='ltr'>Senatores</span> <span class='ocrx_word' id='word_1_299' title='bbox 1873 815 1974 849; x_wconf 87' lang='lat' dir='ltr'>non</span> <span class='ocrx_word' id='word_1_300' title='bbox 1999 806 2166 849; x_wconf 83' lang='lat' dir='ltr'>erant.</span> <span class='ocrx_word' id='word_1_301' title='bbox 2205 799 2426 848; x_wconf 62' lang='lat' dir='ltr'>piebem.</span> 
     </span>
    </p>

    <p class='ocr_par' dir='ltr' id='par_1_7' title="bbox 1577 875 2672 1987">
     <span class='ocr_line' id='line_1_59' title="bbox 1640 875 2654 939; baseline 0 -14"><span class='ocrx_word' id='word_1_302' title='bbox 1640 878 1830 925; x_wconf 74' lang='lat' dir='ltr'>Audeat</span> <span class='ocrx_word' id='word_1_303' title='bbox 1858 876 1946 936; x_wconf 72' lang='lat' dir='ltr'>jus</span> <span class='ocrx_word' id='word_1_304' title='bbox 1964 875 2196 939; x_wconf 67' lang='lat' dir='ltr'>saper-iri]</span> <span class='ocrx_word' id='word_1_305' title='bbox 2231 876 2364 924; x_wconf 78' lang='lat' dir='ltr'>Mihi</span> <span class='ocrx_word' id='word_1_306' title='bbox 2387 889 2514 924; x_wconf 81' lang='lat' dir='ltr'>vera</span> <span class='ocrx_word' id='word_1_307' title='bbox 2533 875 2654 925; x_wconf 75' lang='lat' dir='ltr'>visa</span> 
     </span>
     <span class='ocr_line' id='line_1_60' title="bbox 1577 951 2655 1015; baseline 0 -14"><span class='ocrx_word' id='word_1_308' title='bbox 1577 957 1662 1001; x_wconf 89' lang='lat' dir='ltr'>est</span> <span class='ocrx_word' id='word_1_309' title='bbox 1701 952 2094 1014; x_wconf 78' lang='lat' dir='ltr'>interpretatio,</span> <span class='ocrx_word' id='word_1_310' title='bbox 2135 952 2280 1015; x_wconf 72' lang='lat' dir='ltr'>cujus</span> <span class='ocrx_word' id='word_1_311' title='bbox 2317 957 2500 1000; x_wconf 85' lang='lat' dir='ltr'>auctor</span> <span class='ocrx_word' id='word_1_312' title='bbox 2531 951 2655 1014; x_wconf 83' lang='lat' dir='ltr'>jam</span> 
     </span>
     <span class='ocr_line' id='line_1_61' title="bbox 1579 1027 2654 1092; baseline 0.001 -16"><span class='ocrx_word' id='word_1_313' title='bbox 1579 1041 1682 1076; x_wconf 88' lang='lat' dir='ltr'>non</span> <span class='ocrx_word' id='word_1_314' title='bbox 1728 1027 1999 1086; x_wconf 83' lang='lat' dir='ltr'>succurrit,</span> <span class='ocrx_word' id='word_1_315' title='bbox 2043 1041 2193 1091; x_wconf 82' lang='lat' dir='ltr'>quem</span> <span class='ocrx_word' id='word_1_316' title='bbox 2235 1033 2410 1077; x_wconf 80' lang='lat' dir='ltr'>tamen</span> <span class='ocrx_word' id='word_1_317' title='bbox 2447 1028 2654 1092; x_wconf 85' lang='lat' dir='ltr'>(neque</span> 
     </span>
     <span class='ocr_line' id='line_1_62' title="bbox 1579 1099 2660 1167; baseline 0.002 -17"><span class='ocrx_word' id='word_1_318' title='bbox 1579 1102 1718 1151; x_wconf 87' lang='lat' dir='ltr'>enim</span> <span class='ocrx_word' id='word_1_319' title='bbox 1761 1116 1846 1150; x_wconf 89' lang='lat' dir='ltr'>me</span> <span class='ocrx_word' id='word_1_320' title='bbox 1889 1103 1975 1151; x_wconf 88' lang='lat' dir='ltr'>diu</span> <span class='ocrx_word' id='word_1_321' title='bbox 2017 1099 2200 1152; x_wconf 82' lang='lat' dir='ltr'>fallere</span> <span class='ocrx_word' id='word_1_322' title='bbox 2241 1102 2476 1167; x_wconf 85' lang='lat' dir='ltr'>poterit‚)</span> <span class='ocrx_word' id='word_1_323' title='bbox 2519 1102 2660 1152; x_wconf 84' lang='lat' dir='ltr'>alibi</span> 
     </span>
     <span class='ocr_line' id='line_1_63' title="bbox 1581 1177 2660 1242; baseline 0.002 -16"><span class='ocrx_word' id='word_1_324' title='bbox 1581 1177 1798 1226; x_wconf 84' lang='lat' dir='ltr'>laudare</span> <span class='ocrx_word' id='word_1_325' title='bbox 1836 1191 1937 1226; x_wconf 88' lang='lat' dir='ltr'>nou</span> <span class='ocrx_word' id='word_1_326' title='bbox 1978 1179 2247 1228; x_wconf 68' lang='lat' dir='ltr'>omittam:</span> <span class='ocrx_word' id='word_1_327' title='bbox 2303 1179 2444 1229; x_wconf 87' lang='lat' dir='ltr'>illius</span> <span class='ocrx_word' id='word_1_328' title='bbox 2483 1179 2660 1242; x_wconf 75' lang='lat' dir='ltr'>igitur</span> 
     </span>
     <span class='ocr_line' id='line_1_64' title="bbox 1582 1253 2660 1321; baseline 0.004 -19"><span class='ocrx_word' id='word_1_329' title='bbox 1582 1253 1874 1317; x_wconf 85' lang='lat' dir='ltr'>opinionem</span> <span class='ocrx_word' id='word_1_330' title='bbox 1917 1255 2046 1305; x_wconf 84' lang='lat' dir='ltr'>meis</span> <span class='ocrx_word' id='word_1_331' title='bbox 2089 1255 2262 1304; x_wconf 81' lang='lat' dir='ltr'>verbis</span> <span class='ocrx_word' id='word_1_332' title='bbox 2299 1257 2558 1321; x_wconf 73' lang='lat' dir='ltr'>exposuit</span> <span class='ocrx_word' id='word_1_333' title='bbox 2591 1263 2660 1306; x_wconf 85' lang='lat' dir='ltr'>et</span> 
     </span>
     <span class='ocr_line' id='line_1_65' title="bbox 1583 1332 2666 1396; baseline 0.002 -18"><span class='ocrx_word' id='word_1_334' title='bbox 1583 1343 1702 1378; x_wconf 78' lang='lat' dir='ltr'>mox</span> <span class='ocrx_word' id='word_1_335' title='bbox 1741 1343 1858 1379; x_wconf 82' lang='lat' dir='ltr'>cum</span> <span class='ocrx_word' id='word_1_336' title='bbox 1899 1332 2082 1378; x_wconf 85' lang='lat' dir='ltr'>eodem</span> <span class='ocrx_word' id='word_1_337' title='bbox 2103 1335 2310 1380; x_wconf 68' lang='lat' dir='ltr'>tinctum</span> <span class='ocrx_word' id='word_1_338' title='bbox 2347 1345 2502 1396; x_wconf 84' lang='lat' dir='ltr'>quam</span> <span class='ocrx_word' id='word_1_339' title='bbox 2547 1347 2666 1380; x_wconf 75' lang='lat' dir='ltr'>con·</span> 
     </span>
     <span class='ocr_line' id='line_1_66' title="bbox 1583 1405 2666 1471; baseline 0.002 -17"><span class='ocrx_word' id='word_1_340' title='bbox 1583 1405 1754 1454; x_wconf 72' lang='lat' dir='ltr'>uidam</span> <span class='ocrx_word' id='word_1_341' title='bbox 1801 1407 1971 1455; x_wconf 84' lang='lat' dir='ltr'>malui.</span> <span class='ocrx_word' id='word_1_342' title='bbox 2039 1407 2154 1456; x_wconf 85' lang='lat' dir='ltr'>Nec</span> <span class='ocrx_word' id='word_1_343' title='bbox 2211 1406 2348 1455; x_wconf 86' lang='lat' dir='ltr'>euim</span> <span class='ocrx_word' id='word_1_344' title='bbox 2397 1414 2490 1456; x_wconf 83' lang='lat' dir='ltr'>aut</span> <span class='ocrx_word' id='word_1_345' title='bbox 2533 1422 2666 1471; x_wconf 83' lang='lat' dir='ltr'>eog-</span> 
     </span>
     <span class='ocr_line' id='line_1_67' title="bbox 1585 1480 2666 1545; baseline 0.003 -16"><span class='ocrx_word' id='word_1_346' title='bbox 1585 1481 1782 1530; x_wconf 82' lang='lat' dir='ltr'>mtioue</span> <span class='ocrx_word' id='word_1_347' title='bbox 1821 1495 1951 1545; x_wconf 83' lang='lat' dir='ltr'>opus</span> <span class='ocrx_word' id='word_1_348' title='bbox 1975 1488 2104 1540; x_wconf 82' lang='lat' dir='ltr'>erat,</span> <span class='ocrx_word' id='word_1_349' title='bbox 2134 1490 2227 1531; x_wconf 80' lang='lat' dir='ltr'>aut</span> <span class='ocrx_word' id='word_1_350' title='bbox 2263 1484 2304 1530; x_wconf 89' lang='lat' dir='ltr'>si</span> <span class='ocrx_word' id='word_1_351' title='bbox 2327 1480 2535 1545; x_wconf 80' lang='lat' dir='ltr'>fuisset,</span> <span class='ocrx_word' id='word_1_352' title='bbox 2565 1483 2666 1532; x_wconf 88' lang='lat' dir='ltr'>ille</span> 
     </span>
     <span class='ocr_line' id='line_1_68' title="bbox 1585 1557 2666 1621; baseline 0.001 -15"><span class='ocrx_word' id='word_1_353' title='bbox 1585 1557 1926 1618; x_wconf 73' lang='lat' dir='ltr'>cognoscendi</span> <span class='ocrx_word' id='word_1_354' title='bbox 1947 1557 2110 1618; x_wconf 89' lang='lat' dir='ltr'>locus,</span> <span class='ocrx_word' id='word_1_355' title='bbox 2133 1557 2325 1606; x_wconf 81' lang='lat' dir='ltr'>illudve</span> <span class='ocrx_word' id='word_1_356' title='bbox 2341 1563 2550 1621; x_wconf 85' lang='lat' dir='ltr'>tempus</span> <span class='ocrx_word' id='word_1_357' title='bbox 2569 1559 2666 1608; x_wconf 76' lang='lat' dir='ltr'>lia·</span> 
     </span>
     <span class='ocr_line' id='line_1_69' title="bbox 1585 1631 2668 1697; baseline 0.002 -15"><span class='ocrx_word' id='word_1_358' title='bbox 1585 1631 1829 1685; x_wconf 79' lang='lat' dir='ltr'>bebatur.</span> <span class='ocrx_word' id='word_1_359' title='bbox 1907 1633 2010 1683; x_wconf 86' lang='lat' dir='ltr'>Sed</span> <span class='ocrx_word' id='word_1_360' title='bbox 2055 1635 2184 1684; x_wconf 89' lang='lat' dir='ltr'>ultio</span> <span class='ocrx_word' id='word_1_361' title='bbox 2227 1635 2562 1697; x_wconf 62' lang='lat' dir='ltr'>poscebatur,</span> <span class='ocrx_word' id='word_1_362' title='bbox 2605 1635 2668 1684; x_wconf 85' lang='lat' dir='ltr'>in</span> 
     </span>
     <span class='ocr_line' id='line_1_70' title="bbox 1588 1705 2672 1772; baseline 0.005 -16"><span class='ocrx_word' id='word_1_363' title='bbox 1588 1705 1850 1772; x_wconf 69' lang='lat' dir='ltr'>damnata,</span> <span class='ocrx_word' id='word_1_364' title='bbox 1879 1715 1934 1758; x_wconf 83' lang='lat' dir='ltr'>et</span> <span class='ocrx_word' id='word_1_365' title='bbox 1955 1708 2236 1759; x_wconf 77' lang='lat' dir='ltr'>manifesto</span> <span class='ocrx_word' id='word_1_366' title='bbox 2257 1711 2428 1760; x_wconf 72' lang='lat' dir='ltr'>noxia.</span> <span class='ocrx_word' id='word_1_367' title='bbox 2485 1711 2672 1760; x_wconf 72' lang='lat' dir='ltr'>Frein-</span> 
     </span>
     <span class='ocr_line' id='line_1_71' title="bbox 1585 1785 2670 1837; baseline 0.002 -3"><span class='ocrx_word' id='word_1_368' title='bbox 1585 1785 1812 1836; x_wconf 66' lang='lat' dir='ltr'>shemius.</span> <span class='ocrx_word' id='word_1_369' title='bbox 1881 1785 2024 1835; x_wconf 84' lang='lat' dir='ltr'>Olim</span> <span class='ocrx_word' id='word_1_370' title='bbox 2040 1787 2313 1836; x_wconf 80' lang='lat' dir='ltr'>tuebamur</span> <span class='ocrx_word' id='word_1_371' title='bbox 2329 1788 2464 1837; x_wconf 84' lang='lat' dir='ltr'>bunc</span> <span class='ocrx_word' id='word_1_372' title='bbox 2487 1789 2670 1836; x_wconf 83' lang='lat' dir='ltr'>locum</span> 
     </span>
     <span class='ocr_line' id='line_1_72' title="bbox 1591 1861 2668 1927; baseline 0 -15"><span class='ocrx_word' id='word_1_373' title='bbox 1591 1861 1814 1912; x_wconf 74' lang='lat' dir='ltr'>Observ-</span> <span class='ocrx_word' id='word_1_374' title='bbox 1852 1875 1915 1912; x_wconf 83' lang='grc' dir='ltr'>ιι.</span> <span class='ocrx_word' id='word_1_375' title='bbox 1935 1867 1985 1912; x_wconf 77' lang='lat'>2.</span> <span class='ocrx_word' id='word_1_376' title='bbox 2011 1877 2114 1927; x_wconf 87' lang='lat' dir='ltr'>quo</span> <span class='ocrx_word' id='word_1_377' title='bbox 2149 1863 2276 1927; x_wconf 83' lang='lat' dir='ltr'>vise,</span> <span class='ocrx_word' id='word_1_378' title='bbox 2317 1863 2360 1912; x_wconf 92' lang='lat' dir='ltr'>si</span> <span class='ocrx_word' id='word_1_379' title='bbox 2401 1863 2536 1913; x_wconf 86' lang='lat' dir='ltr'>tanti</span> <span class='ocrx_word' id='word_1_380' title='bbox 2555 1871 2668 1912; x_wconf 86' lang='lat' dir='ltr'>est.</span> 
     </span>
     <span class='ocr_line' id='line_1_73' title="bbox 1595 1937 1802 1987; baseline 0.01 -2"><span class='ocrx_word' id='word_1_381' title='bbox 1595 1937 1802 1987; x_wconf 69' lang='lat' dir='ltr'>Gronov.</span> 
     </span>
    </p>

    <p class='ocr_par' dir='ltr' id='par_1_8' title="bbox 1593 2013 2685 3752">
     <span class='ocr_line' id='line_1_74' title="bbox 1655 2013 2670 2081; baseline 0.001 -19"><span class='ocrx_word' id='word_1_382' title='bbox 1655 2014 1792 2064; x_wconf 69' lang='lat' dir='ltr'>Csr.</span> <span class='ocrx_word' id='word_1_383' title='bbox 1817 2017 1898 2063; x_wconf 77' lang='grc'>87.</span> <span class='ocrx_word' id='word_1_384' title='bbox 1931 2015 2075 2064; x_wconf 82' lang='lat' dir='ltr'>Diem</span> <span class='ocrx_word' id='word_1_385' title='bbox 2108 2013 2522 2081; x_wconf 68' lang='lat' dir='ltr'>edificationibus]</span> <span class='ocrx_word' id='word_1_386' title='bbox 2557 2013 2670 2063; x_wconf 76' lang='lat' dir='ltr'>Ve-</span> 
     </span>
     <span class='ocr_line' id='line_1_75' title="bbox 1593 2091 2674 2152; baseline 0.003 -15"><span class='ocrx_word' id='word_1_387' title='bbox 1593 2103 1718 2138; x_wconf 83' lang='lat' dir='ltr'>rane</span> <span class='ocrx_word' id='word_1_388' title='bbox 1758 2091 1872 2140; x_wconf 79' lang='lat' dir='ltr'>haec</span> <span class='ocrx_word' id='word_1_389' title='bbox 1909 2091 2098 2140; x_wconf 81' lang='lat' dir='ltr'>lectio?</span> <span class='ocrx_word' id='word_1_390' title='bbox 2133 2091 2176 2141; x_wconf 88' lang='lat' dir='ltr'>si</span> <span class='ocrx_word' id='word_1_391' title='bbox 2203 2098 2304 2152; x_wconf 86' lang='lat' dir='ltr'>est,</span> <span class='ocrx_word' id='word_1_392' title='bbox 2341 2091 2674 2152; x_wconf 81' lang='lat' dir='ltr'>interpretor</span> 
     </span>
     <span class='ocr_line' id='line_1_76' title="bbox 1595 2164 2673 2230; baseline 0.003 -17"><span class='ocrx_word' id='word_1_393' title='bbox 1595 2164 1648 2213; x_wconf 87' lang='lat' dir='ltr'>in</span> <span class='ocrx_word' id='word_1_394' title='bbox 1671 2166 1846 2214; x_wconf 78' lang='lat' dir='ltr'>Druso</span> <span class='ocrx_word' id='word_1_395' title='bbox 1883 2167 2048 2215; x_wconf 83' lang='lat' dir='ltr'>notari</span> <span class='ocrx_word' id='word_1_396' title='bbox 2091 2168 2320 2216; x_wconf 88' lang='lat' dir='ltr'>studium</span> <span class='ocrx_word' id='word_1_397' title='bbox 2351 2165 2673 2230; x_wconf 69' lang='lat' dir='ltr'>aedificandi,</span> 
     </span>
     <span class='ocr_line' id='line_1_77' title="bbox 1595 2241 2672 2307; baseline 0.002 -18"><span class='ocrx_word' id='word_1_398' title='bbox 1595 2247 1652 2290; x_wconf 84' lang='lat' dir='ltr'>et</span> <span class='ocrx_word' id='word_1_399' title='bbox 1671 2241 1878 2290; x_wconf 80' lang='lat' dir='ltr'>crebras</span> <span class='ocrx_word' id='word_1_400' title='bbox 1901 2241 2204 2307; x_wconf 77' lang='lat' dir='ltr'>insanasque</span> <span class='ocrx_word' id='word_1_401' title='bbox 2219 2243 2633 2292; x_wconf 82' lang='lat' dir='ltr'>substructiones</span> <span class='ocrx_word' id='word_1_402' title='bbox 2653 2259 2672 2296; x_wconf 70' lang='grc' dir='ltr'>ς</span> 
     </span>
     <span class='ocr_line' id='line_1_78' title="bbox 1597 2317 2677 2384; baseline 0.004 -20"><span class='ocrx_word' id='word_1_403' title='bbox 1597 2331 1662 2364; x_wconf 75' lang='lat' dir='ltr'>ex</span> <span class='ocrx_word' id='word_1_404' title='bbox 1702 2319 1964 2367; x_wconf 82' lang='lat' dir='ltr'>sententia</span> <span class='ocrx_word' id='word_1_405' title='bbox 2003 2319 2268 2381; x_wconf 87' lang='lat' dir='ltr'>scriptoris</span> <span class='ocrx_word' id='word_1_406' title='bbox 2305 2317 2484 2368; x_wconf 77' lang='lat' dir='ltr'>Groeci</span> <span class='ocrx_word' id='word_1_407' title='bbox 2523 2319 2677 2384; x_wconf 80' lang='lat' dir='ltr'>apud</span> 
     </span>
     <span class='ocr_line' id='line_1_79' title="bbox 1596 2392 2674 2458; baseline 0 -15"><span class='ocrx_word' id='word_1_408' title='bbox 1596 2392 1844 2443; x_wconf 79' lang='lat' dir='ltr'>Suidum:</span> <span class='ocrx_word' id='word_1_409' title='bbox 1913 2393 2276 2455; x_wconf 70' lang='grc' dir='ltr'>Οἰκοδομήματα</span> <span class='ocrx_word' id='word_1_410' title='bbox 2309 2394 2534 2458; x_wconf 68' lang='grc' dir='ltr'>Ἀσσύρια</span> <span class='ocrx_word' id='word_1_411' title='bbox 2585 2394 2674 2444; x_wconf 74' lang='grc' dir='ltr'>καὶ</span> 
     </span>
     <span class='ocr_line' id='line_1_80' title="bbox 1598 2469 2674 2535; baseline 0.004 -18"><span class='ocrx_word' id='word_1_412' title='bbox 1598 2470 1868 2533; x_wconf 68' lang='grc' dir='ltr'><strong><em>δαπανηρὰς</em></strong></span> <span class='ocrx_word' id='word_1_413' title='bbox 1885 2471 2206 2535; x_wconf 51' lang='lat' dir='ltr'>&amp;circumdas</span> <span class='ocrx_word' id='word_1_414' title='bbox 2226 2470 2408 2535; x_wconf 68' lang='grc' dir='ltr'>χαίρειν</span> <span class='ocrx_word' id='word_1_415' title='bbox 2429 2469 2674 2521; x_wconf 66' lang='grc' dir='ltr'>ἐάσαντας</span> 
     </span>
     <span class='ocr_line' id='line_1_81' title="bbox 1599 2545 2674 2610; baseline 0 -15"><span class='ocrx_word' id='word_1_416' title='bbox 1599 2548 1694 2609; x_wconf 74' lang='grc' dir='ltr'>χρὴ</span> <span class='ocrx_word' id='word_1_417' title='bbox 1716 2547 1825 2595; x_wconf 64' lang='grc' dir='ltr'>τοὺς</span> <span class='ocrx_word' id='word_1_418' title='bbox 1845 2546 2080 2610; x_wconf 67' lang='grc' dir='ltr'><strong><em>ἄρχοντας</em></strong></span> <span class='ocrx_word' id='word_1_419' title='bbox 2099 2547 2278 2610; x_wconf 67' lang='grc' dir='ltr'>ἄρχειν.</span> <span class='ocrx_word' id='word_1_420' title='bbox 2324 2545 2534 2596; x_wconf 61' lang='lat' dir='ltr'>*render</span> <span class='ocrx_word' id='word_1_421' title='bbox 2553 2547 2674 2609; x_wconf 69' lang='grc' dir='ltr'>γὰρ,</span> 
     </span>
     <span class='ocr_line' id='line_1_82' title="bbox 1601 2622 2674 2689; baseline -0.001 -17"><span class='ocrx_word' id='word_1_422' title='bbox 1601 2626 1627 2672; x_wconf 83' lang='grc' dir='ltr'><strong><em>ὁ</em></strong></span> <span class='ocrx_word' id='word_1_423' title='bbox 1649 2624 1808 2687; x_wconf 66' lang='grc' dir='ltr'><strong><em>ὄρχων</em></strong></span> <span class='ocrx_word' id='word_1_424' title='bbox 1837 2626 1864 2673; x_wconf 80' lang='grc' dir='ltr'><strong><em>ὁ</em></strong></span> <span class='ocrx_word' id='word_1_425' title='bbox 1905 2624 2082 2689; x_wconf 68' lang='grc' dir='ltr'><strong><em>χαίρων</em></strong></span> <span class='ocrx_word' id='word_1_426' title='bbox 2113 2622 2470 2685; x_wconf 69' lang='grc' dir='ltr'><strong><em>οἰκοδομήμασιν</em></strong></span> <span class='ocrx_word' id='word_1_427' title='bbox 2505 2624 2674 2687; x_wconf 69' lang='grc' dir='ltr'><strong>εὔτρε-</strong></span> 
     </span>
     <span class='ocr_line' id='line_1_83' title="bbox 1600 2698 2672 2763; baseline 0 -14"><span class='ocrx_word' id='word_1_428' title='bbox 1600 2698 1754 2751; x_wconf 56' lang='lat' dir='ltr'>vicar.</span> <span class='ocrx_word' id='word_1_429' title='bbox 1808 2702 1942 2751; x_wconf 78' lang='lat' dir='ltr'>Nam</span> <span class='ocrx_word' id='word_1_430' title='bbox 1965 2702 2060 2750; x_wconf 77' lang='lat' dir='ltr'>hoc</span> <span class='ocrx_word' id='word_1_431' title='bbox 2084 2701 2372 2761; x_wconf 89' lang='lat' dir='ltr'>tolerabile,</span> <span class='ocrx_word' id='word_1_432' title='bbox 2393 2714 2672 2763; x_wconf 68' lang='lat' dir='ltr'>praequam</span> 
     </span>
     <span class='ocr_line' id='line_1_84' title="bbox 1601 2774 2675 2835; baseline -0.002 -10"><span class='ocrx_word' id='word_1_433' title='bbox 1601 2777 1731 2826; x_wconf 80' lang='lat' dir='ltr'>illud</span> <span class='ocrx_word' id='word_1_434' title='bbox 1751 2778 1951 2827; x_wconf 76' lang='lat' dir='ltr'>Feri-eti</span> <span class='ocrx_word' id='word_1_435' title='bbox 1975 2794 1988 2827; x_wconf 72' lang='grc' dir='ltr'>ι</span> <span class='ocrx_word' id='word_1_436' title='bbox 2021 2778 2038 2805; x_wconf 92' lang='lat'>‘</span> <span class='ocrx_word' id='word_1_437' title='bbox 2064 2774 2546 2835; x_wconf 79' lang='lat' dir='ltr'>AEdificatiouibus,&#39;</span> <span class='ocrx_word' id='word_1_438' title='bbox 2573 2775 2675 2835; x_wconf 84' lang='lat' dir='ltr'>ait,</span> 
     </span>
     <span class='ocr_line' id='line_1_85' title="bbox 1602 2849 2670 2917; baseline -0.001 -16"><span class='ocrx_word' id='word_1_439' title='bbox 1602 2851 1619 2880; x_wconf 76' lang='lat'>⁸</span> <span class='ocrx_word' id='word_1_440' title='bbox 1643 2868 1737 2917; x_wconf 90' lang='lat' dir='ltr'>pro</span> <span class='ocrx_word' id='word_1_441' title='bbox 1759 2866 1821 2903; x_wconf 89' lang='lat' dir='ltr'>eo</span> <span class='ocrx_word' id='word_1_442' title='bbox 1843 2854 1979 2917; x_wconf 82' lang='lat' dir='ltr'>quod</span> <span class='ocrx_word' id='word_1_443' title='bbox 2001 2860 2084 2903; x_wconf 88' lang='lat' dir='ltr'>est</span> <span class='ocrx_word' id='word_1_444' title='bbox 2117 2850 2451 2901; x_wconf 84' lang='lat' dir='ltr'>emendandis</span> <span class='ocrx_word' id='word_1_445' title='bbox 2475 2849 2631 2899; x_wconf 83' lang='lat' dir='ltr'>rebus</span> <span class='ocrx_word' id='word_1_446' title='bbox 2653 2866 2670 2900; x_wconf 76' lang='lat' dir='ltr'><strong><em>z</em></strong></span> 
     </span>
     <span class='ocr_line' id='line_1_86' title="bbox 1604 2925 2680 2979; baseline -0.001 -2"><span class='ocrx_word' id='word_1_447' title='bbox 1604 2930 1704 2977; x_wconf 83' lang='lat' dir='ltr'>nisi</span> <span class='ocrx_word' id='word_1_448' title='bbox 1739 2930 1792 2978; x_wconf 85' lang='lat' dir='ltr'>in</span> <span class='ocrx_word' id='word_1_449' title='bbox 1829 2930 1986 2979; x_wconf 82' lang='lat' dir='ltr'>verbo</span> <span class='ocrx_word' id='word_1_450' title='bbox 2019 2928 2260 2977; x_wconf 72' lang='lat' dir='ltr'>mendum</span> <span class='ocrx_word' id='word_1_451' title='bbox 2301 2927 2400 2977; x_wconf 68' lang='lat' dir='ltr'>sit!</span> <span class='ocrx_word' id='word_1_452' title='bbox 2463 2925 2566 2975; x_wconf 90' lang='lat' dir='ltr'>Sed</span> <span class='ocrx_word' id='word_1_453' title='bbox 2589 2934 2680 2976; x_wconf 77' lang='lat' dir='ltr'>est</span> 
     </span>
     <span class='ocr_line' id='line_1_87' title="bbox 1607 3002 2676 3068; baseline -0.001 -16"><span class='ocrx_word' id='word_1_454' title='bbox 1607 3002 1864 3068; x_wconf 79' lang='lat' dir='ltr'>profecto,</span> <span class='ocrx_word' id='word_1_455' title='bbox 1881 3018 1964 3053; x_wconf 87' lang='lat' dir='ltr'>me</span> <span class='ocrx_word' id='word_1_456' title='bbox 1978 3016 2180 3068; x_wconf 86' lang='lat' dir='ltr'>quoque</span> <span class='ocrx_word' id='word_1_457' title='bbox 2192 3002 2392 3067; x_wconf 83' lang='lat' dir='ltr'>judice,</span> <span class='ocrx_word' id='word_1_458' title='bbox 2407 3002 2676 3051; x_wconf 86' lang='lat' dir='ltr'>mendum.</span> 
     </span>
     <span class='ocr_line' id='line_1_88' title="bbox 1608 3078 2676 3143; baseline -0.005 -13"><span class='ocrx_word' id='word_1_459' title='bbox 1608 3079 1738 3130; x_wconf 85' lang='lat' dir='ltr'>Quis</span> <span class='ocrx_word' id='word_1_460' title='bbox 1759 3080 1894 3128; x_wconf 89' lang='lat' dir='ltr'>euim</span> <span class='ocrx_word' id='word_1_461' title='bbox 1921 3081 2057 3143; x_wconf 86' lang='lat' dir='ltr'>apud</span> <span class='ocrx_word' id='word_1_462' title='bbox 2097 3080 2352 3129; x_wconf 81' lang='lat' dir='ltr'>Romanos</span> <span class='ocrx_word' id='word_1_463' title='bbox 2375 3080 2488 3127; x_wconf 77' lang='lat' dir='ltr'>viro</span> <span class='ocrx_word' id='word_1_464' title='bbox 2525 3078 2676 3140; x_wconf 81' lang='lat' dir='ltr'>prin-</span> 
     </span>
     <span class='ocr_line' id='line_1_89' title="bbox 1609 3152 2676 3218; baseline -0.005 -12"><span class='ocrx_word' id='word_1_465' title='bbox 1609 3155 1712 3218; x_wconf 89' lang='lat' dir='ltr'>cipi</span> <span class='ocrx_word' id='word_1_466' title='bbox 1749 3155 2118 3205; x_wconf 77' lang='lat' dir='ltr'>aedificatioues</span> <span class='ocrx_word' id='word_1_467' title='bbox 2153 3154 2282 3203; x_wconf 82' lang='lat' dir='ltr'>vitio</span> <span class='ocrx_word' id='word_1_468' title='bbox 2312 3152 2496 3203; x_wconf 79' lang='lat' dir='ltr'>dedit?</span> <span class='ocrx_word' id='word_1_469' title='bbox 2529 3152 2676 3201; x_wconf 81' lang='lat' dir='ltr'>laudi</span> 
     </span>
     <span class='ocr_line' id='line_1_90' title="bbox 1609 3229 2677 3296; baseline -0.003 -14"><span class='ocrx_word' id='word_1_470' title='bbox 1609 3234 1816 3296; x_wconf 83' lang='lat' dir='ltr'>potius:</span> <span class='ocrx_word' id='word_1_471' title='bbox 1867 3240 1929 3282; x_wconf 90' lang='lat' dir='ltr'>ut</span> <span class='ocrx_word' id='word_1_472' title='bbox 1974 3233 2052 3280; x_wconf 78' lang='lat' dir='ltr'>M.</span> <span class='ocrx_word' id='word_1_473' title='bbox 2096 3231 2366 3296; x_wconf 63' lang='lat' dir='ltr'>Agrippae,</span> <span class='ocrx_word' id='word_1_474' title='bbox 2411 3229 2677 3292; x_wconf 71' lang='lat' dir='ltr'>Augusto,</span> 
     </span>
     <span class='ocr_line' id='line_1_91' title="bbox 1597 3308 2680 3374; baseline -0.003 -16"><span class='ocrx_word' id='word_1_475' title='bbox 1597 3310 1842 3374; x_wconf 74' lang='lat' dir='ltr'>-aliisqtie,</span> <span class='ocrx_word' id='word_1_476' title='bbox 1925 3310 1996 3359; x_wconf 87' lang='lat' dir='ltr'>Et</span> <span class='ocrx_word' id='word_1_477' title='bbox 2034 3314 2095 3358; x_wconf 83' lang='lat' dir='ltr'>ut</span> <span class='ocrx_word' id='word_1_478' title='bbox 2133 3310 2314 3357; x_wconf 82' lang='lat' dir='ltr'>vitium</span> <span class='ocrx_word' id='word_1_479' title='bbox 2359 3308 2502 3356; x_wconf 81' lang='lat' dir='ltr'>sint:</span> <span class='ocrx_word' id='word_1_480' title='bbox 2558 3308 2680 3372; x_wconf 80' lang='lat' dir='ltr'>quis</span> 
     </span>
     <span class='ocr_line' id='line_1_92' title="bbox 1611 3382 2684 3448; baseline -0.001 -15"><span class='ocrx_word' id='word_1_481' title='bbox 1611 3385 1840 3448; x_wconf 89' lang='lat' dir='ltr'>scriptor</span> <span class='ocrx_word' id='word_1_482' title='bbox 1859 3385 1914 3435; x_wconf 91' lang='lat' dir='ltr'>id</span> <span class='ocrx_word' id='word_1_483' title='bbox 1937 3384 2169 3448; x_wconf 83' lang='lat' dir='ltr'>prodidit</span> <span class='ocrx_word' id='word_1_484' title='bbox 2198 3382 2266 3432; x_wconf 84' lang='lat' dir='ltr'>de</span> <span class='ocrx_word' id='word_1_485' title='bbox 2287 3384 2496 3433; x_wconf 83' lang='lat' dir='ltr'>Druso?</span> <span class='ocrx_word' id='word_1_486' title='bbox 2529 3382 2684 3445; x_wconf 80' lang='lat' dir='ltr'>cujus</span> 
     </span>
     <span class='ocr_line' id='line_1_93' title="bbox 1611 3459 2685 3511; baseline -0.003 0"><span class='ocrx_word' id='word_1_487' title='bbox 1611 3468 1994 3511; x_wconf 84' lang='lat' dir='ltr'>mouumentum</span> <span class='ocrx_word' id='word_1_488' title='bbox 2015 3461 2174 3509; x_wconf 87' lang='lat' dir='ltr'>ullum</span> <span class='ocrx_word' id='word_1_489' title='bbox 2199 3459 2542 3509; x_wconf 72' lang='lat' dir='ltr'>aedificiumve</span> <span class='ocrx_word' id='word_1_490' title='bbox 2567 3473 2685 3508; x_wconf 87' lang='lat' dir='ltr'>sus-</span> 
     </span>
     <span class='ocr_line' id='line_1_94' title="bbox 1611 3535 2684 3601; baseline 0 -16"><span class='ocrx_word' id='word_1_491' title='bbox 1611 3535 1817 3600; x_wconf 87' lang='lat' dir='ltr'>picione</span> <span class='ocrx_word' id='word_1_492' title='bbox 1841 3550 1944 3586; x_wconf 88' lang='lat' dir='ltr'>nou</span> <span class='ocrx_word' id='word_1_493' title='bbox 1965 3543 2138 3600; x_wconf 77' lang='lat' dir='ltr'>tango.</span> <span class='ocrx_word' id='word_1_494' title='bbox 2175 3536 2337 3601; x_wconf 81' lang='lat' dir='ltr'>Lego,</span> <span class='ocrx_word' id='word_1_495' title='bbox 2360 3535 2648 3585; x_wconf 63' lang='lat' dir='ltr'>editissima</span> <span class='ocrx_word' id='word_1_496' title='bbox 2663 3554 2684 3585; x_wconf 93' lang='lat'>.·</span> 
     </span>
     <span class='ocr_line' id='line_1_95' title="bbox 1613 3611 2679 3663; baseline 0 -1"><span class='ocrx_word' id='word_1_497' title='bbox 1613 3613 1981 3663; x_wconf 77' lang='lat' dir='ltr'>convenienter</span> <span class='ocrx_word' id='word_1_498' title='bbox 2017 3626 2136 3661; x_wconf 80' lang='lat' dir='ltr'>saue</span> <span class='ocrx_word' id='word_1_499' title='bbox 2177 3611 2242 3661; x_wconf 86' lang='lat' dir='ltr'>ad</span> <span class='ocrx_word' id='word_1_500' title='bbox 2282 3612 2440 3661; x_wconf 88' lang='lat' dir='ltr'>Drusi</span> <span class='ocrx_word' id='word_1_501' title='bbox 2484 3626 2679 3662; x_wconf 84' lang='lat' dir='ltr'>mores.</span> 
     </span>
     <span class='ocr_line' id='line_1_96' title="bbox 1617 3688 2482 3752; baseline 0 -14"><span class='ocrx_word' id='word_1_502' title='bbox 1617 3688 1752 3739; x_wconf 83' lang='lat' dir='ltr'>Nam</span> <span class='ocrx_word' id='word_1_503' title='bbox 1783 3689 2064 3751; x_wconf 67' lang='lat' dir='ltr'>Ennium-s,</span> <span class='ocrx_word' id='word_1_504' title='bbox 2083 3688 2114 3717; x_wconf 72' lang='lat'>⁸</span> <span class='ocrx_word' id='word_1_505' title='bbox 2145 3692 2246 3737; x_wconf 68' lang='lat' dir='ltr'>dte.</span> <span class='ocrx_word' id='word_1_506' title='bbox 2277 3688 2482 3752; x_wconf 75' lang='lat' dir='ltr'>Lipsius.</span> 
     </span>
    </p>

    <p class='ocr_par' dir='ltr' id='par_1_9' title="bbox 1617 3762 2690 4199">
     <span class='ocr_line' id='line_1_97' title="bbox 1679 3762 2686 3830; baseline 0 -16"><span class='ocrx_word' id='word_1_507' title='bbox 1679 3766 1814 3815; x_wconf 69' lang='lat' dir='ltr'>CAP.</span> <span class='ocrx_word' id='word_1_508' title='bbox 1837 3770 1920 3815; x_wconf 71' lang='lat'>88.</span> <span class='ocrx_word' id='word_1_509' title='bbox 1969 3766 2016 3813; x_wconf 79' lang='lat' dir='ltr'><em>E</em></span> <span class='ocrx_word' id='word_1_510' title='bbox 2049 3764 2336 3829; x_wconf 73' lang='lat' dir='ltr'>primoribus</span> <span class='ocrx_word' id='word_1_511' title='bbox 2365 3762 2686 3830; x_wconf 70' lang='lat' dir='ltr'>Macedonia]</span> 
     </span>
     <span class='ocr_line' id='line_1_98' title="bbox 1617 3842 2686 3905; baseline -0.002 -12"><span class='ocrx_word' id='word_1_512' title='bbox 1617 3842 1855 3893; x_wconf 81' lang='lat' dir='ltr'>Forsitan</span> <span class='ocrx_word' id='word_1_513' title='bbox 1877 3843 2128 3905; x_wconf 86' lang='lat' dir='ltr'>scriptum</span> <span class='ocrx_word' id='word_1_514' title='bbox 2161 3847 2275 3890; x_wconf 87' lang='lat' dir='ltr'>erat</span> <span class='ocrx_word' id='word_1_515' title='bbox 2295 3856 2323 3890; x_wconf 80' lang='lat' dir='ltr'>c</span> <span class='ocrx_word' id='word_1_516' title='bbox 2354 3855 2432 3905; x_wconf 80' lang='lat' dir='ltr'>pr.</span> <span class='ocrx_word' id='word_1_517' title='bbox 2459 3842 2686 3891; x_wconf 71' lang='lat' dir='ltr'>Macedo·</span> 
     </span>
     <span class='ocr_line' id='line_1_99' title="bbox 1617 3917 2682 3983; baseline -0.002 -14"><span class='ocrx_word' id='word_1_518' title='bbox 1617 3919 1730 3980; x_wconf 72' lang='lat' dir='ltr'>nie,</span> <span class='ocrx_word' id='word_1_519' title='bbox 1774 3918 1874 3969; x_wconf 83' lang='lat' dir='ltr'>boc</span> <span class='ocrx_word' id='word_1_520' title='bbox 1908 3926 2009 3981; x_wconf 89' lang='lat' dir='ltr'>est,</span> <span class='ocrx_word' id='word_1_521' title='bbox 2044 3934 2071 3967; x_wconf 81' lang='lat' dir='ltr'>e</span> <span class='ocrx_word' id='word_1_522' title='bbox 2091 3918 2334 3983; x_wconf 73' lang='lat' dir='ltr'>provincia</span> <span class='ocrx_word' id='word_1_523' title='bbox 2366 3917 2682 3968; x_wconf 69' lang='lat' dir='ltr'>Macedonia.</span> 
     </span>
     <span class='ocr_line' id='line_1_100' title="bbox 1620 3992 2686 4046; baseline -0.003 -2"><span class='ocrx_word' id='word_1_524' title='bbox 1620 3996 1876 4045; x_wconf 82' lang='lat' dir='ltr'>Muretus.</span> <span class='ocrx_word' id='word_1_525' title='bbox 1965 3994 2128 4046; x_wconf 84' lang='lat' dir='ltr'>Quasi</span> <span class='ocrx_word' id='word_1_526' title='bbox 2169 4008 2274 4042; x_wconf 84' lang='lat' dir='ltr'>non</span> <span class='ocrx_word' id='word_1_527' title='bbox 2307 3992 2586 4043; x_wconf 82' lang='lat' dir='ltr'>Suetonius</span> <span class='ocrx_word' id='word_1_528' title='bbox 2628 3992 2686 4041; x_wconf 89' lang='lat' dir='ltr'>in</span> 
     </span>
     <span class='ocr_line' id='line_1_101' title="bbox 1622 4070 2690 4135; baseline -0.002 -14"><span class='ocrx_word' id='word_1_529' title='bbox 1622 4072 1850 4122; x_wconf 79' lang='lat' dir='ltr'>Octavio</span> <span class='ocrx_word' id='word_1_530' title='bbox 1879 4076 1963 4122; x_wconf 72' lang='lat'>⁷9.</span> <span class='ocrx_word' id='word_1_531' title='bbox 2000 4073 2016 4101; x_wconf 89' lang='lat'>‘</span> <span class='ocrx_word' id='word_1_532' title='bbox 2043 4070 2120 4121; x_wconf 82' lang='lat' dir='ltr'>Ut</span> <span class='ocrx_word' id='word_1_533' title='bbox 2151 4071 2358 4135; x_wconf 81' lang='lat' dir='ltr'>quidam</span> <span class='ocrx_word' id='word_1_534' title='bbox 2383 4084 2414 4119; x_wconf 88' lang='lat' dir='ltr'>e</span> <span class='ocrx_word' id='word_1_535' title='bbox 2451 4070 2690 4135; x_wconf 86' lang='lat' dir='ltr'>primori·</span> 
     </span>
     <span class='ocr_line' id='line_1_102' title="bbox 1623 4146 2688 4199; baseline -0.003 0"><span class='ocrx_word' id='word_1_536' title='bbox 1623 4148 1720 4199; x_wconf 85' lang='lat' dir='ltr'>bus</span> <span class='ocrx_word' id='word_1_537' title='bbox 1771 4148 2058 4199; x_wconf 80' lang='lat' dir='ltr'>Galliarum</span> <span class='ocrx_word' id='word_1_538' title='bbox 2111 4146 2379 4199; x_wconf 79' lang='lat' dir='ltr'>coufessus</span> <span class='ocrx_word' id='word_1_539' title='bbox 2426 4148 2498 4198; x_wconf 80' lang='lat' dir='ltr'>sit</span> <span class='ocrx_word' id='word_1_540' title='bbox 2545 4146 2688 4197; x_wconf 85' lang='lat' dir='ltr'>iuter</span> 
     </span>
    </p>
   </div>
  </div>
 </body>
</html>
