<?xml version="1.0" encoding="UTF-8"?>
<!DOCTYPE html PUBLIC "-//W3C//DTD XHTML 1.0 Transitional//EN"
    "http://www.w3.org/TR/xhtml1/DTD/xhtml1-transitional.dtd">
<html xmlns="http://www.w3.org/1999/xhtml" xml:lang="en" lang="en">
 <head>
  <title>
</title>
<meta http-equiv="Content-Type" content="text/html;charset=utf-8" />
  <meta name='ocr-system' content='tesseract 3.04.00' />
  <meta name='ocr-capabilities' content='ocr_page ocr_carea ocr_par ocr_line ocrx_word'/>
</head>
<body>
  <div class='ocr_page' id='page_1' title='image "./ccorneliitaciti05obergoog/ccorneliitaciti05obergoog_0374.png"; bbox 0 0 2897 4742; ppageno 0'>
   <div class='ocr_carea' id='block_1_1' title="bbox 429 295 1913 385">
    <p class='ocr_par' dir='ltr' id='par_1_1' title="bbox 429 295 1913 385">
     <span class='ocr_line' id='line_1_1' title="bbox 429 295 1913 385; baseline -0.004 -22"><span class='ocrx_word' id='word_1_1' title='bbox 429 295 606 363; x_wconf 73' lang='lat'>4128</span> <span class='ocrx_word' id='word_1_2' title='bbox 1115 310 1331 361; x_wconf 67' lang='lat' dir='ltr'>none</span> <span class='ocrx_word' id='word_1_3' title='bbox 1381 304 1789 385; x_wconf 17' lang='lat' dir='ltr'>vamme-tm</span> <span class='ocrx_word' id='word_1_4' title='bbox 1834 307 1913 358; x_wconf 60' lang='grc' dir='ltr'>ιι(</span> 
     </span>
    </p>
   </div>
   <div class='ocr_carea' id='block_1_2' title="bbox 427 448 2655 748">
    <p class='ocr_par' dir='ltr' id='par_1_2' title="bbox 427 448 2655 748">
     <span class='ocr_line' id='line_1_2' title="bbox 431 448 2655 523; baseline -0.004 -15"><span class='ocrx_word' id='word_1_5' title='bbox 431 474 522 523; x_wconf 72' lang='lat' dir='ltr'>que</span> <span class='ocrx_word' id='word_1_6' title='bbox 541 457 666 507; x_wconf 71' lang='lat' dir='ltr'>haud</span> <span class='ocrx_word' id='word_1_7' title='bbox 673 456 896 519; x_wconf 73' lang='lat' dir='ltr'>fortuiti,</span> <span class='ocrx_word' id='word_1_8' title='bbox 911 458 991 519; x_wconf 58' lang='grc'>4-0.</span> <span class='ocrx_word' id='word_1_9' title='bbox 1023 456 1340 507; x_wconf 83' lang='lat' dir='ltr'>Freinshem.</span> <span class='ocrx_word' id='word_1_10' title='bbox 1375 454 1495 505; x_wconf 79' lang='lat' dir='ltr'>For·</span> <span class='ocrx_word' id='word_1_11' title='bbox 1569 452 1735 503; x_wconf 80' lang='lat' dir='ltr'>manis</span> <span class='ocrx_word' id='word_1_12' title='bbox 1788 450 2097 513; x_wconf 82' lang='lat' dir='ltr'>illustribus,</span> <span class='ocrx_word' id='word_1_13' title='bbox 2146 448 2381 516; x_wconf 74' lang='lat' dir='ltr'>seposuit</span> <span class='ocrx_word' id='word_1_14' title='bbox 2442 448 2655 517; x_wconf 71' lang='lat' dir='ltr'>Egyp-</span> 
     </span>
     <span class='ocr_line' id='line_1_3' title="bbox 430 530 2652 601; baseline -0.002 -18"><span class='ocrx_word' id='word_1_15' title='bbox 430 535 608 583; x_wconf 62' lang='lat' dir='ltr'>mum</span> <span class='ocrx_word' id='word_1_16' title='bbox 647 530 1034 601; x_wconf 80' lang='lat' dir='ltr'>interpretatur‘</span> <span class='ocrx_word' id='word_1_17' title='bbox 1059 530 1302 589; x_wconf 80' lang='lat' dir='ltr'>Savilius,</span> <span class='ocrx_word' id='word_1_18' title='bbox 1343 530 1494 593; x_wconf 83' lang='lat' dir='ltr'>cujus</span> <span class='ocrx_word' id='word_1_19' title='bbox 1570 538 1783 592; x_wconf 60' lang='lat' dir='ltr'>tuumne</span> <span class='ocrx_word' id='word_1_20' title='bbox 1806 531 1941 580; x_wconf 82' lang='lat' dir='ltr'>fame</span> <span class='ocrx_word' id='word_1_21' title='bbox 1980 536 2193 595; x_wconf 77' lang='lat' dir='ltr'>urgeret</span> <span class='ocrx_word' id='word_1_22' title='bbox 2231 530 2479 581; x_wconf 63' lang='lat' dir='ltr'>Italiam?</span> <span class='ocrx_word' id='word_1_23' title='bbox 2532 530 2652 581; x_wconf 76' lang='lat' dir='ltr'>Ar-</span> 
     </span>
     <span class='ocr_line' id='line_1_4' title="bbox 431 608 2653 671; baseline 0 -15"><span class='ocrx_word' id='word_1_24' title='bbox 431 610 586 657; x_wconf 75' lang='lat' dir='ltr'>nullae</span> <span class='ocrx_word' id='word_1_25' title='bbox 617 615 734 656; x_wconf 78' lang='lat' dir='ltr'>sunt</span> <span class='ocrx_word' id='word_1_26' title='bbox 774 615 867 656; x_wconf 86' lang='lat' dir='ltr'>aut</span> <span class='ocrx_word' id='word_1_27' title='bbox 903 608 1097 669; x_wconf 61' lang='lat' dir='ltr'>ignota?</span> <span class='ocrx_word' id='word_1_28' title='bbox 1121 621 1310 666; x_wconf 77' lang='lat' dir='ltr'>causoe,</span> <span class='ocrx_word' id='word_1_29' title='bbox 1332 613 1493 670; x_wconf 78' lang='lat' dir='ltr'>atque</span> <span class='ocrx_word' id='word_1_30' title='bbox 1568 621 1753 657; x_wconf 85' lang='lat' dir='ltr'>canum</span> <span class='ocrx_word' id='word_1_31' title='bbox 1794 615 1893 667; x_wconf 79' lang='lat' dir='ltr'>est,</span> <span class='ocrx_word' id='word_1_32' title='bbox 1920 621 2179 671; x_wconf 83' lang='lat' dir='ltr'>nunqnam</span> <span class='ocrx_word' id='word_1_33' title='bbox 2210 608 2511 669; x_wconf 63' lang='lat' dir='ltr'>provincia,</span> <span class='ocrx_word' id='word_1_34' title='bbox 2546 622 2653 657; x_wconf 75' lang='lat' dir='ltr'>eu·</span> 
     </span>
     <span class='ocr_line' id='line_1_5' title="bbox 427 682 2643 748; baseline 0.001 -16"><span class='ocrx_word' id='word_1_35' title='bbox 427 683 550 733; x_wconf 80' lang='lat' dir='ltr'>inde</span> <span class='ocrx_word' id='word_1_36' title='bbox 571 684 804 732; x_wconf 80' lang='lat' dir='ltr'>Tacitum</span> <span class='ocrx_word' id='word_1_37' title='bbox 845 682 1196 745; x_wconf 81' lang='lat' dir='ltr'>reprehendit,</span> <span class='ocrx_word' id='word_1_38' title='bbox 1219 689 1277 731; x_wconf 88' lang='lat' dir='ltr'>ut</span> <span class='ocrx_word' id='word_1_39' title='bbox 1303 684 1493 745; x_wconf 87' lang='lat' dir='ltr'>imprn·</span> <span class='ocrx_word' id='word_1_40' title='bbox 1557 684 1645 747; x_wconf 82' lang='lat' dir='ltr'>jus</span> <span class='ocrx_word' id='word_1_41' title='bbox 1699 684 1917 733; x_wconf 86' lang='lat' dir='ltr'>rebellio</span> <span class='ocrx_word' id='word_1_42' title='bbox 1964 698 2135 733; x_wconf 88' lang='lat' dir='ltr'>secum</span> <span class='ocrx_word' id='word_1_43' title='bbox 2212 688 2449 733; x_wconf 84' lang='lat' dir='ltr'>tractura</span> <span class='ocrx_word' id='word_1_44' title='bbox 2500 685 2643 748; x_wconf 80' lang='lat' dir='ltr'>reip.</span> 
     </span>
    </p>
   </div>
   <div class='ocr_carea' id='block_1_3' title="bbox 417 758 1494 4247">
    <p class='ocr_par' dir='ltr' id='par_1_3' title="bbox 427 758 1494 1343">
     <span class='ocr_line' id='line_1_6' title="bbox 429 758 1493 822; baseline -0.004 -13"><span class='ocrx_word' id='word_1_45' title='bbox 429 758 616 809; x_wconf 75' lang='lat' dir='ltr'>denter</span> <span class='ocrx_word' id='word_1_46' title='bbox 648 761 899 808; x_wconf 85' lang='lat' dir='ltr'>locutum.</span> <span class='ocrx_word' id='word_1_47' title='bbox 966 758 1064 808; x_wconf 87' lang='lat' dir='ltr'>Cui</span> <span class='ocrx_word' id='word_1_48' title='bbox 1109 758 1493 822; x_wconf 76' lang='lat' dir='ltr'>reprehensioni</span> 
     </span>
     <span class='ocr_line' id='line_1_7' title="bbox 427 825 1493 884; baseline -0.003 0"><span class='ocrx_word' id='word_1_49' title='bbox 427 825 701 884; x_wconf 70' lang='lat' dir='ltr'><strong>subscribit</strong></span> <span class='ocrx_word' id='word_1_50' title='bbox 735 834 1112 883; x_wconf 83' lang='lat' dir='ltr'>Freinshemius</span> <span class='ocrx_word' id='word_1_51' title='bbox 1143 835 1197 881; x_wconf 82' lang='lat' dir='ltr'>in</span> <span class='ocrx_word' id='word_1_52' title='bbox 1217 834 1493 883; x_wconf 88' lang='lat' dir='ltr'>Versiones</span> 
     </span>
     <span class='ocr_line' id='line_1_8' title="bbox 427 907 1491 975; baseline -0.003 -15"><span class='ocrx_word' id='word_1_53' title='bbox 427 914 478 975; x_wconf 80' lang='lat'>2,</span> <span class='ocrx_word' id='word_1_54' title='bbox 517 915 598 960; x_wconf 77' lang='lat' dir='ltr'>sl.</span> <span class='ocrx_word' id='word_1_55' title='bbox 633 911 887 975; x_wconf 86' lang='lat' dir='ltr'>quomodo</span> <span class='ocrx_word' id='word_1_56' title='bbox 927 912 1083 973; x_wconf 88' lang='lat' dir='ltr'>enim,</span> <span class='ocrx_word' id='word_1_57' title='bbox 1118 911 1212 971; x_wconf 82' lang='lat' dir='ltr'>ait,</span> <span class='ocrx_word' id='word_1_58' title='bbox 1251 907 1491 959; x_wconf 77' lang='lat' dir='ltr'>fortuito-</span> 
     </span>
     <span class='ocr_line' id='line_1_9' title="bbox 427 986 1493 1049; baseline -0.002 -14"><span class='ocrx_word' id='word_1_59' title='bbox 427 1001 543 1035; x_wconf 84' lang='lat' dir='ltr'>rum</span> <span class='ocrx_word' id='word_1_60' title='bbox 583 1002 755 1036; x_wconf 67' lang='lat' dir='ltr'>causae</span> <span class='ocrx_word' id='word_1_61' title='bbox 797 986 934 1036; x_wconf 86' lang='lat' dir='ltr'>tradi</span> <span class='ocrx_word' id='word_1_62' title='bbox 973 987 1224 1048; x_wconf 82' lang='lat' dir='ltr'>possunt?</span> <span class='ocrx_word' id='word_1_63' title='bbox 1259 992 1347 1033; x_wconf 84' lang='lat' dir='ltr'>ant</span> <span class='ocrx_word' id='word_1_64' title='bbox 1371 1000 1493 1049; x_wconf 88' lang='lat' dir='ltr'>quo·</span> 
     </span>
     <span class='ocr_line' id='line_1_10' title="bbox 427 1052 1494 1128; baseline -0.003 -15"><span class='ocrx_word' id='word_1_65' title='bbox 427 1063 580 1113; x_wconf 84' lang='lat' dir='ltr'>modo</span> <span class='ocrx_word' id='word_1_66' title='bbox 621 1078 839 1128; x_wconf 88' lang='lat' dir='ltr'>quorum</span> <span class='ocrx_word' id='word_1_67' title='bbox 870 1052 1038 1112; x_wconf 71' lang='lat' dir='ltr'>causa».</span> <span class='ocrx_word' id='word_1_68' title='bbox 1081 1068 1297 1125; x_wconf 82' lang='lat' dir='ltr'>possunt</span> <span class='ocrx_word' id='word_1_69' title='bbox 1340 1061 1494 1123; x_wconf 87' lang='lat' dir='ltr'>tradi,</span> 
     </span>
     <span class='ocr_line' id='line_1_11' title="bbox 427 1136 1491 1203; baseline -0.003 -15"><span class='ocrx_word' id='word_1_70' title='bbox 427 1152 526 1203; x_wconf 90' lang='lat' dir='ltr'>pro</span> <span class='ocrx_word' id='word_1_71' title='bbox 569 1139 796 1189; x_wconf 75' lang='lat' dir='ltr'><strong>fortuitis</strong></span> <span class='ocrx_word' id='word_1_72' title='bbox 843 1144 1056 1202; x_wconf 76' lang='lat' dir='ltr'>possunt</span> <span class='ocrx_word' id='word_1_73' title='bbox 1091 1136 1302 1186; x_wconf 83' lang='lat' dir='ltr'>baberi?</span> <span class='ocrx_word' id='word_1_74' title='bbox 1359 1136 1491 1185; x_wconf 83' lang='lat' dir='ltr'><strong>Mihi</strong></span> 
     </span>
     <span class='ocr_line' id='line_1_12' title="bbox 427 1214 1490 1279; baseline -0.003 -14"><span class='ocrx_word' id='word_1_75' title='bbox 427 1230 572 1279; x_wconf 81' lang='lat' dir='ltr'>vero,</span> <span class='ocrx_word' id='word_1_76' title='bbox 592 1218 674 1279; x_wconf 75' lang='lat' dir='ltr'>qui</span> <span class='ocrx_word' id='word_1_77' title='bbox 693 1218 972 1279; x_wconf 74' lang='lat' dir='ltr'>plerumque</span> <span class='ocrx_word' id='word_1_78' title='bbox 993 1214 1198 1274; x_wconf 73' lang='lat' dir='ltr'>fortuiti</span> <span class='ocrx_word' id='word_1_79' title='bbox 1233 1218 1365 1275; x_wconf 73' lang='lat' dir='ltr'>suat,</span> <span class='ocrx_word' id='word_1_80' title='bbox 1391 1220 1490 1275; x_wconf 84' lang='lat' dir='ltr'>est,</span> 
     </span>
     <span class='ocr_line' id='line_1_13' title="bbox 428 1292 1273 1343; baseline -0.005 0"><span class='ocrx_word' id='word_1_81' title='bbox 428 1293 574 1343; x_wconf 65' lang='lat' dir='ltr'>dm*</span> <span class='ocrx_word' id='word_1_82' title='bbox 611 1294 890 1342; x_wconf 73' lang='lat' dir='ltr'>Gronovius.</span> <span class='ocrx_word' id='word_1_83' title='bbox 1265 1292 1273 1300; x_wconf 92' lang='lat'>&#39;</span> 
     </span>
    </p>

    <p class='ocr_par' dir='ltr' id='par_1_4' title="bbox 417 1367 1493 4247">
     <span class='ocr_line' id='line_1_14' title="bbox 490 1367 1491 1433; baseline -0.003 -15"><span class='ocrx_word' id='word_1_84' title='bbox 490 1369 596 1418; x_wconf 74' lang='lat' dir='ltr'>Aut</span> <span class='ocrx_word' id='word_1_85' title='bbox 623 1374 850 1433; x_wconf 73' lang='lat' dir='ltr'>populum</span> <span class='ocrx_word' id='word_1_86' title='bbox 881 1374 966 1417; x_wconf 79' lang='lat' dir='ltr'>aut</span> <span class='ocrx_word' id='word_1_87' title='bbox 1001 1369 1230 1418; x_wconf 72' lang='lat' dir='ltr'>urbanum</span> <span class='ocrx_word' id='word_1_88' title='bbox 1269 1367 1491 1430; x_wconf 71' lang='lat' dir='ltr'>militem]</span> 
     </span>
     <span class='ocr_line' id='line_1_15' title="bbox 425 1443 1489 1508; baseline -0.001 -15"><span class='ocrx_word' id='word_1_89' title='bbox 425 1444 820 1508; x_wconf 82' lang='lat' dir='ltr'>Castigavimus,</span> <span class='ocrx_word' id='word_1_90' title='bbox 843 1447 968 1508; x_wconf 77' lang='lat' dir='ltr'>apud</span> <span class='ocrx_word' id='word_1_91' title='bbox 983 1459 1097 1507; x_wconf 82' lang='lat' dir='ltr'>pop.</span> <span class='ocrx_word' id='word_1_92' title='bbox 1117 1445 1244 1507; x_wconf 77' lang='lat' dir='ltr'>apud</span> <span class='ocrx_word' id='word_1_93' title='bbox 1265 1443 1369 1493; x_wconf 76' lang='lat' dir='ltr'>urb.</span> <span class='ocrx_word' id='word_1_94' title='bbox 1387 1444 1489 1492; x_wconf 75' lang='lat' dir='ltr'>mil.</span> 
     </span>
     <span class='ocr_line' id='line_1_16' title="bbox 425 1520 1492 1582; baseline -0.001 -14"><span class='ocrx_word' id='word_1_95' title='bbox 425 1520 718 1569; x_wconf 78' lang='lat' dir='ltr'>Rhenanus.</span> <span class='ocrx_word' id='word_1_96' title='bbox 785 1522 866 1569; x_wconf 83' lang='lat' dir='ltr'>Ex</span> <span class='ocrx_word' id='word_1_97' title='bbox 889 1522 1028 1570; x_wconf 86' lang='lat' dir='ltr'>Flor.</span> <span class='ocrx_word' id='word_1_98' title='bbox 1053 1522 1129 1568; x_wconf 88' lang='lat' dir='ltr'>ita</span> <span class='ocrx_word' id='word_1_99' title='bbox 1163 1521 1287 1582; x_wconf 79' lang='lat' dir='ltr'>apud</span> <span class='ocrx_word' id='word_1_100' title='bbox 1312 1524 1492 1581; x_wconf 75' lang='lat' dir='ltr'>patres,</span> 
     </span>
     <span class='ocr_line' id='line_1_17' title="bbox 425 1594 1489 1658; baseline -0.001 -15"><span class='ocrx_word' id='word_1_101' title='bbox 425 1598 512 1643; x_wconf 67' lang='lat' dir='ltr'>au}</span> <span class='ocrx_word' id='word_1_102' title='bbox 561 1597 797 1658; x_wconf 77' lang='lat' dir='ltr'>populum,</span> <span class='ocrx_word' id='word_1_103' title='bbox 841 1600 926 1643; x_wconf 70' lang='lat' dir='ltr'>out</span> <span class='ocrx_word' id='word_1_104' title='bbox 977 1594 1208 1643; x_wconf 71' lang='lat' dir='ltr'>urbanum</span> <span class='ocrx_word' id='word_1_105' title='bbox 1269 1594 1489 1642; x_wconf 71' lang='lat' dir='ltr'>militem.</span> 
     </span>
     <span class='ocr_line' id='line_1_18' title="bbox 425 1670 1491 1735; baseline -0.004 -14"><span class='ocrx_word' id='word_1_106' title='bbox 425 1672 595 1735; x_wconf 77' lang='lat' dir='ltr'>Vulgo</span> <span class='ocrx_word' id='word_1_107' title='bbox 617 1673 788 1722; x_wconf 83' lang='lat' dir='ltr'>minus</span> <span class='ocrx_word' id='word_1_108' title='bbox 805 1678 960 1735; x_wconf 84' lang='lat' dir='ltr'>apte:</span> <span class='ocrx_word' id='word_1_109' title='bbox 997 1672 1121 1734; x_wconf 73' lang='lat' dir='ltr'>apud</span> <span class='ocrx_word' id='word_1_110' title='bbox 1154 1674 1332 1733; x_wconf 75' lang='lat' dir='ltr'>patres,</span> <span class='ocrx_word' id='word_1_111' title='bbox 1365 1670 1491 1731; x_wconf 78' lang='lat' dir='ltr'>apud</span> 
     </span>
     <span class='ocr_line' id='line_1_19' title="bbox 417 1745 1491 1811; baseline -0.003 -15"><span class='ocrx_word' id='word_1_112' title='bbox 417 1749 663 1810; x_wconf 76' lang='lat' dir='ltr'>populum,</span> <span class='ocrx_word' id='word_1_113' title='bbox 684 1750 808 1811; x_wconf 76' lang='lat' dir='ltr'>apud</span> <span class='ocrx_word' id='word_1_114' title='bbox 827 1747 933 1797; x_wconf 80' lang='lat' dir='ltr'>urb.</span> <span class='ocrx_word' id='word_1_115' title='bbox 957 1748 1173 1795; x_wconf 73' lang='lat' dir='ltr'>militem.</span> <span class='ocrx_word' id='word_1_116' title='bbox 1239 1745 1391 1797; x_wconf 83' lang='lat' dir='ltr'>Quod</span> <span class='ocrx_word' id='word_1_117' title='bbox 1413 1760 1491 1793; x_wconf 89' lang='lat' dir='ltr'>se·</span> 
     </span>
     <span class='ocr_line' id='line_1_20' title="bbox 424 1822 1491 1887; baseline -0.001 -15"><span class='ocrx_word' id='word_1_118' title='bbox 424 1824 602 1887; x_wconf 86' lang='lat' dir='ltr'>quitur</span> <span class='ocrx_word' id='word_1_119' title='bbox 647 1838 774 1874; x_wconf 81' lang='lat' dir='ltr'>cave</span> <span class='ocrx_word' id='word_1_120' title='bbox 829 1823 1212 1886; x_wconf 75' lang='lat' dir='ltr'>interpreteris,</span> <span class='ocrx_word' id='word_1_121' title='bbox 1268 1822 1491 1871; x_wconf 82' lang='lat' dir='ltr'>Neronis</span> 
     </span>
     <span class='ocr_line' id='line_1_21' title="bbox 423 1896 1491 1969; baseline 0.001 -23"><span class='ocrx_word' id='word_1_122' title='bbox 423 1896 580 1969; x_wconf 79' lang='lat' dir='ltr'>finem</span> <span class='ocrx_word' id='word_1_123' title='bbox 616 1913 790 1948; x_wconf 85' lang='lat' dir='ltr'>omnes</span> <span class='ocrx_word' id='word_1_124' title='bbox 829 1900 1058 1961; x_wconf 74' lang='lat' dir='ltr'>legiones</span> <span class='ocrx_word' id='word_1_125' title='bbox 1089 1899 1347 1962; x_wconf 73' lang='lat' dir='ltr'>ducesque</span> <span class='ocrx_word' id='word_1_126' title='bbox 1370 1912 1491 1947; x_wconf 87' lang='lat' dir='ltr'>con·</span> 
     </span>
     <span class='ocr_line' id='line_1_22' title="bbox 424 1972 1489 2039; baseline -0.003 -15"><span class='ocrx_word' id='word_1_127' title='bbox 424 1974 643 2024; x_wconf 87' lang='lat' dir='ltr'>civisse:</span> <span class='ocrx_word' id='word_1_128' title='bbox 679 1977 768 2024; x_wconf 81' lang='lat' dir='ltr'>sed</span> <span class='ocrx_word' id='word_1_129' title='bbox 793 1977 930 2039; x_wconf 87' lang='lat' dir='ltr'>quod</span> <span class='ocrx_word' id='word_1_130' title='bbox 969 1976 1107 2037; x_wconf 89' lang='lat' dir='ltr'>apud</span> <span class='ocrx_word' id='word_1_131' title='bbox 1131 1988 1309 2023; x_wconf 87' lang='lat' dir='ltr'>omnes</span> <span class='ocrx_word' id='word_1_132' title='bbox 1333 1972 1489 2021; x_wconf 87' lang='lat' dir='ltr'>etiam</span> 
     </span>
     <span class='ocr_line' id='line_1_23' title="bbox 421 2048 1489 2113; baseline -0.002 -16"><span class='ocrx_word' id='word_1_133' title='bbox 421 2050 654 2111; x_wconf 79' lang='lat' dir='ltr'>legiones</span> <span class='ocrx_word' id='word_1_134' title='bbox 690 2057 744 2099; x_wconf 88' lang='lat' dir='ltr'>et</span> <span class='ocrx_word' id='word_1_135' title='bbox 779 2050 959 2113; x_wconf 86' lang='lat' dir='ltr'>duces,</span> <span class='ocrx_word' id='word_1_136' title='bbox 995 2050 1296 2098; x_wconf 87' lang='lat' dir='ltr'>conciverat</span> <span class='ocrx_word' id='word_1_137' title='bbox 1321 2048 1489 2097; x_wconf 81' lang='lat' dir='ltr'>varios</span> 
     </span>
     <span class='ocr_line' id='line_1_24' title="bbox 423 2124 1217 2175; baseline -0.001 -1"><span class='ocrx_word' id='word_1_138' title='bbox 423 2124 706 2175; x_wconf 81' lang='lat' dir='ltr'>animorum</span> <span class='ocrx_word' id='word_1_139' title='bbox 731 2133 920 2174; x_wconf 86' lang='lat' dir='ltr'>motus.</span> <span class='ocrx_word' id='word_1_140' title='bbox 989 2125 1217 2173; x_wconf 59' lang='lat' dir='ltr'>Pit-hena.</span> 
     </span>
     <span class='ocr_line' id='line_1_25' title="bbox 435 2188 1489 2265; baseline -0.001 -16"><span class='ocrx_word' id='word_1_141' title='bbox 435 2188 442 2197; x_wconf 52' lang='lat'>⁸</span> <span class='ocrx_word' id='word_1_142' title='bbox 487 2190 729 2262; x_wconf 72' lang='lat' dir='ltr'>Eoulgato</span> <span class='ocrx_word' id='word_1_143' title='bbox 759 2201 948 2265; x_wconf 78' lang='lat' dir='ltr'>imperii</span> <span class='ocrx_word' id='word_1_144' title='bbox 983 2200 1178 2261; x_wconf 76' lang='lat' dir='ltr'>arcano]</span> <span class='ocrx_word' id='word_1_145' title='bbox 1231 2200 1489 2263; x_wconf 81' lang='lat' dir='ltr'>Evulgare</span> 
     </span>
     <span class='ocr_line' id='line_1_26' title="bbox 422 2274 1489 2341; baseline -0.004 -15"><span class='ocrx_word' id='word_1_146' title='bbox 422 2290 615 2327; x_wconf 83' lang='lat' dir='ltr'>arcana</span> <span class='ocrx_word' id='word_1_147' title='bbox 636 2274 838 2341; x_wconf 84' lang='lat' dir='ltr'>imperii</span> <span class='ocrx_word' id='word_1_148' title='bbox 873 2277 1011 2325; x_wconf 87' lang='lat' dir='ltr'>idem</span> <span class='ocrx_word' id='word_1_149' title='bbox 1047 2275 1255 2324; x_wconf 85' lang='lat' dir='ltr'>videtur</span> <span class='ocrx_word' id='word_1_150' title='bbox 1277 2276 1326 2323; x_wconf 90' lang='lat' dir='ltr'>ei</span> <span class='ocrx_word' id='word_1_151' title='bbox 1351 2274 1489 2339; x_wconf 91' lang='lat' dir='ltr'>quod</span> 
     </span>
     <span class='ocr_line' id='line_1_27' title="bbox 423 2350 1493 2417; baseline -0.001 -15"><span class='ocrx_word' id='word_1_152' title='bbox 423 2352 476 2402; x_wconf 85' lang='lat' dir='ltr'>in</span> <span class='ocrx_word' id='word_1_153' title='bbox 489 2351 726 2417; x_wconf 80' lang='lat' dir='ltr'>Dionysii</span> <span class='ocrx_word' id='word_1_154' title='bbox 745 2352 1051 2416; x_wconf 79' lang='lat' dir='ltr'>fragmentis</span> <span class='ocrx_word' id='word_1_155' title='bbox 1067 2369 1079 2401; x_wconf 74' lang='grc' dir='ltr'><strong><em>ε</em></strong></span> <span class='ocrx_word' id='word_1_156' title='bbox 1101 2350 1414 2401; x_wconf 67' lang='grc' dir='ltr'>ἐκκαλύπτειν</span> <span class='ocrx_word' id='word_1_157' title='bbox 1427 2350 1493 2401; x_wconf 75' lang='grc' dir='ltr'>τὰ</span> 
     </span>
     <span class='ocr_line' id='line_1_28' title="bbox 423 2431 1492 2496; baseline -0.001 -15"><span class='ocrx_word' id='word_1_158' title='bbox 423 2431 654 2496; x_wconf 73' lang='grc' dir='ltr'><strong><em>μωτὴρια</em></strong></span> <span class='ocrx_word' id='word_1_159' title='bbox 689 2435 776 2490; x_wconf 70' lang='grc' dir='ltr'>τῆς</span> <span class='ocrx_word' id='word_1_160' title='bbox 815 2451 872 2480; x_wconf 74' lang='grc' dir='ltr'>τε</span> <span class='ocrx_word' id='word_1_161' title='bbox 915 2431 1142 2490; x_wconf 80' lang='grc' dir='ltr'><strong><em>δοκούσης</em></strong></span> <span class='ocrx_word' id='word_1_162' title='bbox 1184 2432 1371 2494; x_wconf 62' lang='grc' dir='ltr'>ἀρετῆς,</span> <span class='ocrx_word' id='word_1_163' title='bbox 1411 2432 1492 2480; x_wconf 71' lang='grc' dir='ltr'>καὶ</span> 
     </span>
     <span class='ocr_line' id='line_1_29' title="bbox 421 2507 1491 2570; baseline -0.001 -13"><span class='ocrx_word' id='word_1_164' title='bbox 421 2507 736 2570; x_wconf 68' lang='grc' dir='ltr'><strong><em>ἀγνοουμένης</em></strong></span> <span class='ocrx_word' id='word_1_165' title='bbox 789 2509 971 2568; x_wconf 77' lang='grc' dir='ltr'><strong><em>κακίας,</em></strong></span> <span class='ocrx_word' id='word_1_166' title='bbox 1039 2508 1092 2555; x_wconf 84' lang='lat' dir='ltr'>in</span> <span class='ocrx_word' id='word_1_167' title='bbox 1148 2507 1491 2556; x_wconf 78' lang='lat' dir='ltr'>describenda</span> 
     </span>
     <span class='ocr_line' id='line_1_30' title="bbox 421 2583 1488 2648; baseline 0.003 -17"><span class='ocrx_word' id='word_1_168' title='bbox 421 2583 748 2648; x_wconf 82' lang='lat' dir='ltr'>publicorum</span> <span class='ocrx_word' id='word_1_169' title='bbox 791 2584 1116 2644; x_wconf 72' lang='lat' dir='ltr'>negotiorum</span> <span class='ocrx_word' id='word_1_170' title='bbox 1161 2583 1488 2634; x_wconf 83' lang='lat' dir='ltr'>administra·</span> 
     </span>
     <span class='ocr_line' id='line_1_31' title="bbox 423 2659 1488 2727; baseline -0.001 -17"><span class='ocrx_word' id='word_1_171' title='bbox 423 2661 568 2710; x_wconf 82' lang='lat' dir='ltr'>tione</span> <span class='ocrx_word' id='word_1_172' title='bbox 607 2659 886 2727; x_wconf 81' lang='lat' dir='ltr'>detrahere</span> <span class='ocrx_word' id='word_1_173' title='bbox 931 2659 1191 2721; x_wconf 85' lang='lat' dir='ltr'>speciosos</span> <span class='ocrx_word' id='word_1_174' title='bbox 1236 2659 1488 2710; x_wconf 79' lang='lat' dir='ltr'>virtutum</span> 
     </span>
     <span class='ocr_line' id='line_1_32' title="bbox 422 2735 1491 2799; baseline 0.001 -15"><span class='ocrx_word' id='word_1_175' title='bbox 422 2742 718 2799; x_wconf 81' lang='lat' dir='ltr'>praetextns</span> <span class='ocrx_word' id='word_1_176' title='bbox 737 2735 1074 2784; x_wconf 78' lang='lat' dir='ltr'>clandestinis</span> <span class='ocrx_word' id='word_1_177' title='bbox 1107 2735 1354 2798; x_wconf 83' lang='lat' dir='ltr'>nequitiae</span> <span class='ocrx_word' id='word_1_178' title='bbox 1383 2750 1491 2785; x_wconf 91' lang='lat' dir='ltr'>mo-</span> 
     </span>
     <span class='ocr_line' id='line_1_33' title="bbox 422 2811 1489 2874; baseline 0.002 -15"><span class='ocrx_word' id='word_1_179' title='bbox 422 2811 703 2861; x_wconf 84' lang='lat' dir='ltr'>litionibus.</span> <span class='ocrx_word' id='word_1_180' title='bbox 749 2812 944 2861; x_wconf 77' lang='lat' dir='ltr'>Arcana</span> <span class='ocrx_word' id='word_1_181' title='bbox 967 2819 1142 2860; x_wconf 84' lang='lat' dir='ltr'>tamen</span> <span class='ocrx_word' id='word_1_182' title='bbox 1161 2811 1351 2874; x_wconf 75' lang='lat' dir='ltr'>imperii</span> <span class='ocrx_word' id='word_1_183' title='bbox 1371 2827 1489 2861; x_wconf 84' lang='lat' dir='ltr'>cum</span> 
     </span>
     <span class='ocr_line' id='line_1_34' title="bbox 422 2887 1489 2950; baseline -0.001 -13"><span class='ocrx_word' id='word_1_184' title='bbox 422 2889 569 2937; x_wconf 76' lang='lat' dir='ltr'>varia</span> <span class='ocrx_word' id='word_1_185' title='bbox 588 2887 712 2947; x_wconf 84' lang='lat' dir='ltr'>sint,</span> <span class='ocrx_word' id='word_1_186' title='bbox 752 2901 920 2950; x_wconf 89' lang='lat' dir='ltr'>neque</span> <span class='ocrx_word' id='word_1_187' title='bbox 967 2888 1117 2936; x_wconf 87' lang='lat' dir='ltr'>unius</span> <span class='ocrx_word' id='word_1_188' title='bbox 1159 2901 1366 2950; x_wconf 86' lang='lat' dir='ltr'>prorsus</span> <span class='ocrx_word' id='word_1_189' title='bbox 1401 2902 1489 2936; x_wconf 83' lang='lat' dir='ltr'>na·</span> 
     </span>
     <span class='ocr_line' id='line_1_35' title="bbox 423 2961 1489 3026; baseline 0 -14"><span class='ocrx_word' id='word_1_190' title='bbox 423 2969 578 3026; x_wconf 68' lang='lat' dir='ltr'>turm,</span> <span class='ocrx_word' id='word_1_191' title='bbox 627 2978 731 3013; x_wconf 85' lang='lat' dir='ltr'>una</span> <span class='ocrx_word' id='word_1_192' title='bbox 767 2961 1069 3012; x_wconf 85' lang='lat' dir='ltr'>definitione</span> <span class='ocrx_word' id='word_1_193' title='bbox 1119 2964 1489 3024; x_wconf 82' lang='lat' dir='ltr'>comprehendi</span> 
     </span>
     <span class='ocr_line' id='line_1_36' title="bbox 421 3040 1488 3105; baseline 0 -17"><span class='ocrx_word' id='word_1_194' title='bbox 421 3047 702 3105; x_wconf 87' lang='lat' dir='ltr'>nequeunt.</span> <span class='ocrx_word' id='word_1_195' title='bbox 727 3041 860 3088; x_wconf 76' lang='lat' dir='ltr'>Ann.</span> <span class='ocrx_word' id='word_1_196' title='bbox 879 3053 940 3089; x_wconf 86' lang='lat' dir='ltr'>n.</span> <span class='ocrx_word' id='word_1_197' title='bbox 963 3040 1209 3089; x_wconf 78' lang='lat' dir='ltr'>‘Censuit</span> <span class='ocrx_word' id='word_1_198' title='bbox 1229 3040 1412 3089; x_wconf 85' lang='lat' dir='ltr'>Gallus</span> <span class='ocrx_word' id='word_1_199' title='bbox 1435 3041 1488 3088; x_wconf 91' lang='lat' dir='ltr'>in</span> 
     </span>
     <span class='ocr_line' id='line_1_37' title="bbox 422 3115 1491 3181; baseline -0.002 -15"><span class='ocrx_word' id='word_1_200' title='bbox 422 3117 828 3181; x_wconf 86' lang='lat' dir='ltr'>quinquennium</span> <span class='ocrx_word' id='word_1_201' title='bbox 849 3117 1254 3179; x_wconf 80' lang='lat' dir='ltr'>Magistratuum</span> <span class='ocrx_word' id='word_1_202' title='bbox 1276 3115 1491 3164; x_wconf 87' lang='lat' dir='ltr'>comitia</span> 
     </span>
     <span class='ocr_line' id='line_1_38' title="bbox 421 3191 1489 3242; baseline -0.002 0"><span class='ocrx_word' id='word_1_203' title='bbox 421 3193 700 3242; x_wconf 74' lang='lat' dir='ltr'>habendaz</span> <span class='ocrx_word' id='word_1_204' title='bbox 769 3192 900 3240; x_wconf 84' lang='lat' dir='ltr'>baud</span> <span class='ocrx_word' id='word_1_205' title='bbox 959 3191 1174 3240; x_wconf 87' lang='lat' dir='ltr'>dubium</span> <span class='ocrx_word' id='word_1_206' title='bbox 1217 3199 1334 3240; x_wconf 85' lang='lat' dir='ltr'>erat</span> <span class='ocrx_word' id='word_1_207' title='bbox 1371 3205 1489 3240; x_wconf 88' lang='lat' dir='ltr'>eam</span> 
     </span>
     <span class='ocr_line' id='line_1_39' title="bbox 421 3268 1489 3330; baseline -0.002 -14"><span class='ocrx_word' id='word_1_208' title='bbox 421 3270 729 3317; x_wconf 81' lang='lat' dir='ltr'>senteutiam</span> <span class='ocrx_word' id='word_1_209' title='bbox 777 3268 929 3316; x_wconf 87' lang='lat' dir='ltr'>altius</span> <span class='ocrx_word' id='word_1_210' title='bbox 981 3275 1273 3330; x_wconf 87' lang='lat' dir='ltr'>penetrare,</span> <span class='ocrx_word' id='word_1_211' title='bbox 1314 3274 1370 3315; x_wconf 84' lang='lat' dir='ltr'>et</span> <span class='ocrx_word' id='word_1_212' title='bbox 1408 3281 1489 3315; x_wconf 85' lang='lat' dir='ltr'>ar-</span> 
     </span>
     <span class='ocr_line' id='line_1_40' title="bbox 423 3342 1487 3406; baseline 0 -14"><span class='ocrx_word' id='word_1_213' title='bbox 423 3355 555 3392; x_wconf 78' lang='lat' dir='ltr'>cana</span> <span class='ocrx_word' id='word_1_214' title='bbox 595 3344 796 3406; x_wconf 86' lang='lat' dir='ltr'>imperii</span> <span class='ocrx_word' id='word_1_215' title='bbox 843 3343 1072 3391; x_wconf 89' lang='lat' dir='ltr'>tentari.&#39;</span> <span class='ocrx_word' id='word_1_216' title='bbox 1162 3344 1240 3391; x_wconf 83' lang='lat' dir='ltr'>Ex</span> <span class='ocrx_word' id='word_1_217' title='bbox 1290 3342 1352 3392; x_wconf 88' lang='lat' dir='ltr'>iis</span> <span class='ocrx_word' id='word_1_218' title='bbox 1386 3344 1487 3392; x_wconf 85' lang='lat' dir='ltr'>hoc</span> 
     </span>
     <span class='ocr_line' id='line_1_41' title="bbox 419 3417 1489 3480; baseline 0 -13"><span class='ocrx_word' id='word_1_219' title='bbox 419 3419 538 3467; x_wconf 80' lang='lat' dir='ltr'>loco</span> <span class='ocrx_word' id='word_1_220' title='bbox 559 3424 850 3480; x_wconf 84' lang='lat' dir='ltr'>spectatur,</span> <span class='ocrx_word' id='word_1_221' title='bbox 883 3433 997 3466; x_wconf 87' lang='lat' dir='ltr'>cum</span> <span class='ocrx_word' id='word_1_222' title='bbox 1039 3431 1156 3479; x_wconf 89' lang='lat' dir='ltr'>spes</span> <span class='ocrx_word' id='word_1_223' title='bbox 1195 3417 1401 3466; x_wconf 84' lang='lat' dir='ltr'>honoris</span> <span class='ocrx_word' id='word_1_224' title='bbox 1431 3425 1489 3467; x_wconf 91' lang='lat' dir='ltr'>et</span> 
     </span>
     <span class='ocr_line' id='line_1_42' title="bbox 421 3491 1487 3558; baseline -0.002 -14"><span class='ocrx_word' id='word_1_225' title='bbox 421 3493 676 3558; x_wconf 73' lang='lat' dir='ltr'>commodi</span> <span class='ocrx_word' id='word_1_226' title='bbox 725 3491 922 3557; x_wconf 85' lang='lat' dir='ltr'>optime</span> <span class='ocrx_word' id='word_1_227' title='bbox 969 3499 1150 3554; x_wconf 86' lang='lat' dir='ltr'>pascat</span> <span class='ocrx_word' id='word_1_228' title='bbox 1203 3493 1487 3542; x_wconf 84' lang='lat' dir='ltr'>aulicorum</span> 
     </span>
     <span class='ocr_line' id='line_1_43' title="bbox 425 3570 1489 3634; baseline -0.002 -13"><span class='ocrx_word' id='word_1_229' title='bbox 425 3570 780 3634; x_wconf 81' lang='lat' dir='ltr'>ambitionem,</span> <span class='ocrx_word' id='word_1_230' title='bbox 824 3577 879 3619; x_wconf 88' lang='lat' dir='ltr'>et</span> <span class='ocrx_word' id='word_1_231' title='bbox 925 3570 1166 3619; x_wconf 86' lang='lat' dir='ltr'>cohibeat</span> <span class='ocrx_word' id='word_1_232' title='bbox 1219 3570 1354 3618; x_wconf 87' lang='lat' dir='ltr'>intra</span> <span class='ocrx_word' id='word_1_233' title='bbox 1399 3571 1489 3619; x_wconf 84' lang='lat' dir='ltr'>ob-</span> 
     </span>
     <span class='ocr_line' id='line_1_44' title="bbox 423 3644 1488 3711; baseline -0.004 -15"><span class='ocrx_word' id='word_1_234' title='bbox 423 3646 801 3711; x_wconf 76' lang='lat' dir='ltr'>sequiifidem3</span> <span class='ocrx_word' id='word_1_235' title='bbox 838 3647 879 3696; x_wconf 86' lang='lat' dir='ltr'>si</span> <span class='ocrx_word' id='word_1_236' title='bbox 914 3647 965 3694; x_wconf 89' lang='lat' dir='ltr'>in</span> <span class='ocrx_word' id='word_1_237' title='bbox 1009 3647 1158 3709; x_wconf 83' lang='lat' dir='ltr'>plura</span> <span class='ocrx_word' id='word_1_238' title='bbox 1193 3644 1340 3693; x_wconf 81' lang='lat' dir='ltr'>simul</span> <span class='ocrx_word' id='word_1_239' title='bbox 1380 3659 1488 3693; x_wconf 87' lang='lat' dir='ltr'>mu-</span> 
     </span>
     <span class='ocr_line' id='line_1_45' title="bbox 421 3720 1489 3786; baseline -0.002 -14"><span class='ocrx_word' id='word_1_240' title='bbox 421 3720 508 3772; x_wconf 84' lang='lat' dir='ltr'>nia</span> <span class='ocrx_word' id='word_1_241' title='bbox 558 3737 877 3772; x_wconf 68' lang='lat' dir='ltr'>successores</span> <span class='ocrx_word' id='word_1_242' title='bbox 937 3729 1325 3786; x_wconf 87' lang='lat' dir='ltr'>cooptarentur,</span> <span class='ocrx_word' id='word_1_243' title='bbox 1379 3723 1489 3770; x_wconf 85' lang='lat' dir='ltr'>lan-</span> 
     </span>
     <span class='ocr_line' id='line_1_46' title="bbox 421 3800 1489 3863; baseline 0.003 -16"><span class='ocrx_word' id='word_1_244' title='bbox 421 3807 730 3860; x_wconf 76' lang='lat' dir='ltr'>guescerent</span> <span class='ocrx_word' id='word_1_245' title='bbox 769 3801 1125 3863; x_wconf 85' lang='lat' dir='ltr'>appetentium</span> <span class='ocrx_word' id='word_1_246' title='bbox 1167 3800 1370 3860; x_wconf 89' lang='lat' dir='ltr'>studia;</span> <span class='ocrx_word' id='word_1_247' title='bbox 1409 3809 1489 3850; x_wconf 89' lang='lat' dir='ltr'>tot</span> 
     </span>
     <span class='ocr_line' id='line_1_47' title="bbox 421 3875 1487 3938; baseline 0.004 -16"><span class='ocrx_word' id='word_1_248' title='bbox 421 3887 547 3923; x_wconf 81' lang='lat' dir='ltr'>vero</span> <span class='ocrx_word' id='word_1_249' title='bbox 592 3875 737 3923; x_wconf 80' lang='lat' dir='ltr'>annis</span> <span class='ocrx_word' id='word_1_250' title='bbox 771 3885 891 3924; x_wconf 88' lang='lat' dir='ltr'>ante</span> <span class='ocrx_word' id='word_1_251' title='bbox 924 3877 968 3924; x_wconf 84' lang='lat' dir='ltr'>si</span> <span class='ocrx_word' id='word_1_252' title='bbox 1012 3875 1411 3938; x_wconf 79' lang='lat' dir='ltr'>destinarentur,</span> <span class='ocrx_word' id='word_1_253' title='bbox 1433 3879 1487 3926; x_wconf 89' lang='lat' dir='ltr'>in</span> 
     </span>
     <span class='ocr_line' id='line_1_48' title="bbox 425 3950 1486 4015; baseline 0.003 -16"><span class='ocrx_word' id='word_1_254' title='bbox 425 3950 805 4015; x_wconf 74' lang='lat' dir='ltr'>desperationis</span> <span class='ocrx_word' id='word_1_255' title='bbox 829 3953 1024 4001; x_wconf 81' lang='lat' dir='ltr'>rabiem</span> <span class='ocrx_word' id='word_1_256' title='bbox 1045 3953 1298 4015; x_wconf 79' lang='lat' dir='ltr'>adigeret.</span> <span class='ocrx_word' id='word_1_257' title='bbox 1358 3953 1486 4002; x_wconf 83' lang='lat' dir='ltr'>Eod.</span> 
     </span>
     <span class='ocr_line' id='line_1_49' title="bbox 421 4026 1487 4089; baseline 0.004 -14"><span class='ocrx_word' id='word_1_258' title='bbox 421 4026 514 4078; x_wconf 86' lang='lat' dir='ltr'>lib.</span> <span class='ocrx_word' id='word_1_259' title='bbox 547 4029 563 4056; x_wconf 86' lang='lat'>‘</span> <span class='ocrx_word' id='word_1_260' title='bbox 589 4027 850 4089; x_wconf 82' lang='lat' dir='ltr'>Augustus</span> <span class='ocrx_word' id='word_1_261' title='bbox 885 4029 1024 4078; x_wconf 85' lang='lat' dir='ltr'>inter</span> <span class='ocrx_word' id='word_1_262' title='bbox 1057 4029 1156 4077; x_wconf 83' lang='lat' dir='ltr'>alia</span> <span class='ocrx_word' id='word_1_263' title='bbox 1185 4029 1487 4079; x_wconf 84' lang='lat' dir='ltr'>dominatio·</span> 
     </span>
     <span class='ocr_line' id='line_1_50' title="bbox 421 4101 1487 4169; baseline 0.002 -18"><span class='ocrx_word' id='word_1_264' title='bbox 421 4101 501 4150; x_wconf 82' lang='lat' dir='ltr'>nis</span> <span class='ocrx_word' id='word_1_265' title='bbox 524 4117 730 4166; x_wconf 86' lang='lat' dir='ltr'>arcana,</span> <span class='ocrx_word' id='word_1_266' title='bbox 765 4105 958 4167; x_wconf 79' lang='lat' dir='ltr'>vetitis,</span> <span class='ocrx_word' id='word_1_267' title='bbox 993 4105 1088 4154; x_wconf 88' lang='lat' dir='ltr'>nisi</span> <span class='ocrx_word' id='word_1_268' title='bbox 1127 4105 1392 4169; x_wconf 83' lang='lat' dir='ltr'>permissu,</span> <span class='ocrx_word' id='word_1_269' title='bbox 1410 4105 1487 4153; x_wconf 84' lang='lat' dir='ltr'>in-</span> 
     </span>
     <span class='ocr_line' id='line_1_51' title="bbox 422 4178 1488 4247; baseline 0.005 -21"><span class='ocrx_word' id='word_1_270' title='bbox 422 4178 572 4242; x_wconf 71' lang='lat' dir='ltr'>gredi</span> <span class='ocrx_word' id='word_1_271' title='bbox 605 4179 940 4234; x_wconf 83' lang='lat' dir='ltr'>Senatoribus</span> <span class='ocrx_word' id='word_1_272' title='bbox 979 4186 1070 4231; x_wconf 84' lang='lat' dir='ltr'>aut</span> <span class='ocrx_word' id='word_1_273' title='bbox 1105 4180 1364 4247; x_wconf 85' lang='lat' dir='ltr'>equitibus</span> <span class='ocrx_word' id='word_1_274' title='bbox 1387 4181 1488 4231; x_wconf 85' lang='lat' dir='ltr'>Ro-</span> 
     </span>
    </p>
   </div>
   <div class='ocr_carea' id='block_1_4' title="bbox 1556 758 2649 4245">
    <p class='ocr_par' dir='ltr' id='par_1_5' title="bbox 1556 758 2649 4014">
     <span class='ocr_line' id='line_1_52' title="bbox 1568 758 2649 823; baseline 0.002 -16"><span class='ocrx_word' id='word_1_275' title='bbox 1568 758 1856 823; x_wconf 86' lang='lat' dir='ltr'>periculum</span> <span class='ocrx_word' id='word_1_276' title='bbox 1908 760 1995 821; x_wconf 87' lang='lat' dir='ltr'>sit,</span> <span class='ocrx_word' id='word_1_277' title='bbox 2048 758 2404 822; x_wconf 59' lang='lat' dir='ltr'>gubernanda!</span> <span class='ocrx_word' id='word_1_278' title='bbox 2461 759 2649 809; x_wconf 78' lang='lat' dir='ltr'>admo·</span> 
     </span>
     <span class='ocr_line' id='line_1_53' title="bbox 1568 834 2647 899; baseline 0.002 -16"><span class='ocrx_word' id='word_1_279' title='bbox 1568 835 1793 885; x_wconf 72' lang='lat' dir='ltr'>vendunt</span> <span class='ocrx_word' id='word_1_280' title='bbox 1832 836 1996 884; x_wconf 81' lang='lat' dir='ltr'>virum</span> <span class='ocrx_word' id='word_1_281' title='bbox 2032 834 2305 893; x_wconf 77' lang='lat' dir='ltr'>illustrem,</span> <span class='ocrx_word' id='word_1_282' title='bbox 2342 843 2435 885; x_wconf 86' lang='lat' dir='ltr'>aut</span> <span class='ocrx_word' id='word_1_283' title='bbox 2474 851 2647 899; x_wconf 76' lang='lat' dir='ltr'>popu-</span> 
     </span>
     <span class='ocr_line' id='line_1_54' title="bbox 1565 910 2646 973; baseline 0.002 -15"><span class='ocrx_word' id='word_1_284' title='bbox 1565 910 1661 959; x_wconf 88' lang='lat' dir='ltr'>lari</span> <span class='ocrx_word' id='word_1_285' title='bbox 1703 912 1870 973; x_wconf 77' lang='lat' dir='ltr'>gratia</span> <span class='ocrx_word' id='word_1_286' title='bbox 1892 910 2181 961; x_wconf 84' lang='lat' dir='ltr'>florentem.</span> <span class='ocrx_word' id='word_1_287' title='bbox 2248 910 2358 962; x_wconf 87' lang='lat' dir='ltr'>Hic</span> <span class='ocrx_word' id='word_1_288' title='bbox 2392 911 2646 961; x_wconf 81' lang='lat' dir='ltr'>videntur</span> 
     </span>
     <span class='ocr_line' id='line_1_55' title="bbox 1566 986 2647 1051; baseline 0 -16"><span class='ocrx_word' id='word_1_289' title='bbox 1566 986 1807 1049; x_wconf 82' lang='lat' dir='ltr'>intelligi,</span> <span class='ocrx_word' id='word_1_290' title='bbox 1862 1002 1979 1051; x_wconf 79' lang='lat' dir='ltr'>qnae</span> <span class='ocrx_word' id='word_1_291' title='bbox 2035 1002 2101 1036; x_wconf 80' lang='lat' dir='ltr'>ex</span> <span class='ocrx_word' id='word_1_292' title='bbox 2171 988 2371 1037; x_wconf 86' lang='lat' dir='ltr'>arcanis</span> <span class='ocrx_word' id='word_1_293' title='bbox 2430 986 2647 1049; x_wconf 80' lang='lat' dir='ltr'>imperii</span> 
     </span>
     <span class='ocr_line' id='line_1_56' title="bbox 1568 1060 2645 1127; baseline 0 -16"><span class='ocrx_word' id='word_1_294' title='bbox 1568 1064 1840 1113; x_wconf 77' lang='lat' dir='ltr'>maximam</span> <span class='ocrx_word' id='word_1_295' title='bbox 1881 1063 1988 1112; x_wconf 84' lang='lat' dir='ltr'>veri</span> <span class='ocrx_word' id='word_1_296' title='bbox 2037 1063 2266 1127; x_wconf 86' lang='lat' dir='ltr'>speciem</span> <span class='ocrx_word' id='word_1_297' title='bbox 2327 1060 2645 1127; x_wconf 77' lang='lat' dir='ltr'>praeferunt,</span> 
     </span>
     <span class='ocr_line' id='line_1_57' title="bbox 1566 1136 2641 1202; baseline -0.003 -14"><span class='ocrx_word' id='word_1_298' title='bbox 1566 1154 1679 1189; x_wconf 89' lang='lat' dir='ltr'>cum</span> <span class='ocrx_word' id='word_1_299' title='bbox 1730 1140 1845 1188; x_wconf 81' lang='lat' dir='ltr'>haec</span> <span class='ocrx_word' id='word_1_300' title='bbox 1897 1140 1951 1187; x_wconf 90' lang='lat' dir='ltr'>in</span> <span class='ocrx_word' id='word_1_301' title='bbox 2012 1138 2155 1202; x_wconf 76' lang='lat' dir='ltr'>vulgi</span> <span class='ocrx_word' id='word_1_302' title='bbox 2220 1138 2418 1186; x_wconf 85' lang='lat' dir='ltr'>animos</span> <span class='ocrx_word' id='word_1_303' title='bbox 2472 1136 2641 1200; x_wconf 73' lang='lat' dir='ltr'>magis</span> 
     </span>
     <span class='ocr_line' id='line_1_58' title="bbox 1568 1214 2647 1279; baseline -0.001 -16"><span class='ocrx_word' id='word_1_304' title='bbox 1568 1215 1759 1275; x_wconf 81' lang='lat' dir='ltr'>valeat,</span> <span class='ocrx_word' id='word_1_305' title='bbox 1792 1230 1945 1279; x_wconf 87' lang='lat' dir='ltr'>qnam</span> <span class='ocrx_word' id='word_1_306' title='bbox 1992 1228 2163 1263; x_wconf 87' lang='lat' dir='ltr'>rerum</span> <span class='ocrx_word' id='word_1_307' title='bbox 2208 1214 2467 1263; x_wconf 76' lang='lat' dir='ltr'>soliditas.</span> <span class='ocrx_word' id='word_1_308' title='bbox 2536 1214 2647 1262; x_wconf 81' lang='lat' dir='ltr'>Ex-</span> 
     </span>
     <span class='ocr_line' id='line_1_59' title="bbox 1565 1288 2639 1354; baseline 0 -15"><span class='ocrx_word' id='word_1_309' title='bbox 1565 1292 1791 1354; x_wconf 84' lang='lat' dir='ltr'>emplum</span> <span class='ocrx_word' id='word_1_310' title='bbox 1826 1292 1903 1339; x_wconf 88' lang='lat' dir='ltr'>rei</span> <span class='ocrx_word' id='word_1_311' title='bbox 1926 1289 2081 1339; x_wconf 82' lang='lat' dir='ltr'>factae</span> <span class='ocrx_word' id='word_1_312' title='bbox 2120 1292 2235 1339; x_wconf 81' lang='lat' dir='ltr'>loco</span> <span class='ocrx_word' id='word_1_313' title='bbox 2274 1304 2377 1338; x_wconf 83' lang='lat' dir='ltr'>non</span> <span class='ocrx_word' id='word_1_314' title='bbox 2412 1304 2529 1351; x_wconf 85' lang='lat' dir='ltr'>suo,</span> <span class='ocrx_word' id='word_1_315' title='bbox 2552 1288 2639 1339; x_wconf 81' lang='lat' dir='ltr'>cui</span> 
     </span>
     <span class='ocr_line' id='line_1_60' title="bbox 1566 1365 2643 1430; baseline -0.002 -15"><span class='ocrx_word' id='word_1_316' title='bbox 1566 1366 1920 1430; x_wconf 63' lang='lat' dir='ltr'>praecedentia</span> <span class='ocrx_word' id='word_1_317' title='bbox 1964 1374 2200 1429; x_wconf 84' lang='lat' dir='ltr'>tempora</span> <span class='ocrx_word' id='word_1_318' title='bbox 2245 1366 2371 1416; x_wconf 79' lang='lat' dir='ltr'>nihil</span> <span class='ocrx_word' id='word_1_319' title='bbox 2414 1378 2513 1429; x_wconf 82' lang='lat' dir='ltr'>par</span> <span class='ocrx_word' id='word_1_320' title='bbox 2548 1365 2643 1414; x_wconf 88' lang='lat' dir='ltr'>de-</span> 
     </span>
     <span class='ocr_line' id='line_1_61' title="bbox 1564 1437 2641 1505; baseline -0.002 -14"><span class='ocrx_word' id='word_1_321' title='bbox 1564 1442 1775 1492; x_wconf 87' lang='lat' dir='ltr'>derunt.</span> <span class='ocrx_word' id='word_1_322' title='bbox 1866 1444 1945 1491; x_wconf 84' lang='lat' dir='ltr'>Ex</span> <span class='ocrx_word' id='word_1_323' title='bbox 1970 1437 2158 1505; x_wconf 81' lang='lat' dir='ltr'>&#39;prisco</span> <span class='ocrx_word' id='word_1_324' title='bbox 2210 1442 2455 1491; x_wconf 87' lang='lat' dir='ltr'>instituto</span> <span class='ocrx_word' id='word_1_325' title='bbox 2498 1442 2641 1505; x_wconf 80' lang='lat' dir='ltr'>prin-</span> 
     </span>
     <span class='ocr_line' id='line_1_62' title="bbox 1566 1515 2639 1582; baseline -0.004 -14"><span class='ocrx_word' id='word_1_326' title='bbox 1566 1533 1690 1582; x_wconf 84' lang='lat' dir='ltr'>ceps</span> <span class='ocrx_word' id='word_1_327' title='bbox 1728 1517 1907 1569; x_wconf 72' lang='lat' dir='ltr'>Romae</span> <span class='ocrx_word' id='word_1_328' title='bbox 1950 1519 2204 1568; x_wconf 81' lang='lat' dir='ltr'>creandus</span> <span class='ocrx_word' id='word_1_329' title='bbox 2248 1526 2383 1577; x_wconf 86' lang='lat' dir='ltr'>erat,</span> <span class='ocrx_word' id='word_1_330' title='bbox 2408 1524 2467 1567; x_wconf 89' lang='lat' dir='ltr'>et</span> <span class='ocrx_word' id='word_1_331' title='bbox 2506 1515 2639 1565; x_wconf 84' lang='lat' dir='ltr'>urbe</span> 
     </span>
     <span class='ocr_line' id='line_1_63' title="bbox 1566 1594 2641 1657; baseline -0.001 -14"><span class='ocrx_word' id='word_1_332' title='bbox 1566 1594 1812 1657; x_wconf 83' lang='lat' dir='ltr'>primaria</span> <span class='ocrx_word' id='word_1_333' title='bbox 1862 1594 2117 1656; x_wconf 84' lang='lat' dir='ltr'>petendus</span> <span class='ocrx_word' id='word_1_334' title='bbox 2173 1595 2495 1656; x_wconf 77' lang='lat' dir='ltr'>Imperator,</span> <span class='ocrx_word' id='word_1_335' title='bbox 2552 1605 2641 1642; x_wconf 78' lang='lat' dir='ltr'>ne·</span> 
     </span>
     <span class='ocr_line' id='line_1_64' title="bbox 1568 1671 2643 1734; baseline 0.001 -18"><span class='ocrx_word' id='word_1_336' title='bbox 1568 1686 1667 1734; x_wconf 86' lang='lat' dir='ltr'>qne</span> <span class='ocrx_word' id='word_1_337' title='bbox 1727 1671 1781 1719; x_wconf 88' lang='lat' dir='ltr'>in</span> <span class='ocrx_word' id='word_1_338' title='bbox 1836 1671 2151 1720; x_wconf 84' lang='lat' dir='ltr'>contrarium</span> <span class='ocrx_word' id='word_1_339' title='bbox 2200 1671 2506 1731; x_wconf 81' lang='lat' dir='ltr'>exemplum</span> <span class='ocrx_word' id='word_1_340' title='bbox 2552 1682 2643 1717; x_wconf 76' lang='lat' dir='ltr'>ex·</span> 
     </span>
     <span class='ocr_line' id='line_1_65' title="bbox 1564 1742 2642 1795; baseline -0.002 -2"><span class='ocrx_word' id='word_1_341' title='bbox 1564 1745 1759 1795; x_wconf 79' lang='lat' dir='ltr'>stabat.</span> <span class='ocrx_word' id='word_1_342' title='bbox 1844 1746 1998 1794; x_wconf 84' lang='lat' dir='ltr'>Tanti</span> <span class='ocrx_word' id='word_1_343' title='bbox 2034 1753 2205 1793; x_wconf 84' lang='lat' dir='ltr'>autem</span> <span class='ocrx_word' id='word_1_344' title='bbox 2250 1758 2355 1792; x_wconf 85' lang='lat' dir='ltr'>non</span> <span class='ocrx_word' id='word_1_345' title='bbox 2388 1750 2508 1793; x_wconf 84' lang='lat' dir='ltr'>erat</span> <span class='ocrx_word' id='word_1_346' title='bbox 2546 1742 2642 1792; x_wconf 82' lang='lat' dir='ltr'>ob-</span> 
     </span>
     <span class='ocr_line' id='line_1_66' title="bbox 1566 1820 2643 1884; baseline 0 -15"><span class='ocrx_word' id='word_1_347' title='bbox 1566 1829 1772 1870; x_wconf 83' lang='lat' dir='ltr'>servata</span> <span class='ocrx_word' id='word_1_348' title='bbox 1822 1821 1923 1870; x_wconf 90' lang='lat' dir='ltr'>loci</span> <span class='ocrx_word' id='word_1_349' title='bbox 1978 1824 2262 1871; x_wconf 73' lang='lat' dir='ltr'>solennitas</span> <span class='ocrx_word' id='word_1_350' title='bbox 2311 1820 2453 1884; x_wconf 85' lang='lat' dir='ltr'>apud</span> <span class='ocrx_word' id='word_1_351' title='bbox 2500 1835 2643 1884; x_wconf 86' lang='lat' dir='ltr'>eum,</span> 
     </span>
     <span class='ocr_line' id='line_1_67' title="bbox 1565 1897 2645 1963; baseline -0.002 -16"><span class='ocrx_word' id='word_1_352' title='bbox 1565 1898 1653 1963; x_wconf 85' lang='lat' dir='ltr'>qui</span> <span class='ocrx_word' id='word_1_353' title='bbox 1694 1897 1962 1947; x_wconf 81' lang='lat' dir='ltr'>electionis</span> <span class='ocrx_word' id='word_1_354' title='bbox 1998 1898 2089 1961; x_wconf 83' lang='lat' dir='ltr'>jus</span> <span class='ocrx_word' id='word_1_355' title='bbox 2118 1898 2274 1945; x_wconf 87' lang='lat' dir='ltr'>armis</span> <span class='ocrx_word' id='word_1_356' title='bbox 2312 1897 2453 1946; x_wconf 89' lang='lat' dir='ltr'>tueri</span> <span class='ocrx_word' id='word_1_357' title='bbox 2492 1903 2645 1959; x_wconf 87' lang='lat' dir='ltr'>pote·</span> 
     </span>
     <span class='ocr_line' id='line_1_68' title="bbox 1565 1972 2643 2039; baseline -0.002 -16"><span class='ocrx_word' id='word_1_358' title='bbox 1565 1983 1667 2038; x_wconf 87' lang='lat' dir='ltr'>rat,</span> <span class='ocrx_word' id='word_1_359' title='bbox 1706 1989 1879 2039; x_wconf 86' lang='lat' dir='ltr'>neque</span> <span class='ocrx_word' id='word_1_360' title='bbox 1922 1975 2251 2024; x_wconf 68' lang='lat' dir='ltr'>adversantes</span> <span class='ocrx_word' id='word_1_361' title='bbox 2302 1972 2643 2037; x_wconf 77' lang='lat' dir='ltr'>experiretur</span> 
     </span>
     <span class='ocr_line' id='line_1_69' title="bbox 1565 2048 2643 2113; baseline -0.002 -14"><span class='ocrx_word' id='word_1_362' title='bbox 1565 2050 1848 2113; x_wconf 84' lang='lat' dir='ltr'>subjectos.</span> <span class='ocrx_word' id='word_1_363' title='bbox 1929 2049 2191 2099; x_wconf 82' lang='lat' dir='ltr'>Arcanum</span> <span class='ocrx_word' id='word_1_364' title='bbox 2240 2048 2365 2098; x_wconf 84' lang='lat' dir='ltr'>illud</span> <span class='ocrx_word' id='word_1_365' title='bbox 2424 2048 2643 2112; x_wconf 87' lang='lat' dir='ltr'>imperii</span> 
     </span>
     <span class='ocr_line' id='line_1_70' title="bbox 1566 2124 2639 2188; baseline -0.003 -13"><span class='ocrx_word' id='word_1_366' title='bbox 1566 2126 1737 2175; x_wconf 87' lang='lat' dir='ltr'>Galba</span> <span class='ocrx_word' id='word_1_367' title='bbox 1757 2125 2009 2188; x_wconf 78' lang='lat' dir='ltr'>vulgavit,</span> <span class='ocrx_word' id='word_1_368' title='bbox 2048 2133 2102 2174; x_wconf 86' lang='lat' dir='ltr'>et</span> <span class='ocrx_word' id='word_1_369' title='bbox 2136 2139 2242 2173; x_wconf 81' lang='lat' dir='ltr'>suae</span> <span class='ocrx_word' id='word_1_370' title='bbox 2274 2124 2327 2172; x_wconf 88' lang='lat' dir='ltr'>in</span> <span class='ocrx_word' id='word_1_371' title='bbox 2368 2125 2639 2173; x_wconf 81' lang='lat' dir='ltr'>Neronem</span> 
     </span>
     <span class='ocr_line' id='line_1_71' title="bbox 1562 2199 2641 2261; baseline 0.002 -13"><span class='ocrx_word' id='word_1_372' title='bbox 1562 2200 1785 2251; x_wconf 74' lang='lat' dir='ltr'>fortunae</span> <span class='ocrx_word' id='word_1_373' title='bbox 1824 2201 1928 2249; x_wconf 82' lang='lat' dir='ltr'>ista</span> <span class='ocrx_word' id='word_1_374' title='bbox 1970 2215 2093 2249; x_wconf 85' lang='lat' dir='ltr'>aura</span> <span class='ocrx_word' id='word_1_375' title='bbox 2142 2199 2451 2261; x_wconf 72' lang='lat' dir='ltr'>velificatus,</span> <span class='ocrx_word' id='word_1_376' title='bbox 2496 2200 2641 2250; x_wconf 82' lang='lat' dir='ltr'>idem</span> 
     </span>
     <span class='ocr_line' id='line_1_72' title="bbox 1556 2275 2642 2339; baseline 0 -14"><span class='ocrx_word' id='word_1_377' title='bbox 1556 2277 1648 2339; x_wconf 77' lang='lat' dir='ltr'>Jus</span> <span class='ocrx_word' id='word_1_378' title='bbox 1692 2276 1805 2324; x_wconf 81' lang='lat' dir='ltr'>aliis</span> <span class='ocrx_word' id='word_1_379' title='bbox 1846 2276 1899 2324; x_wconf 89' lang='lat' dir='ltr'>in</span> <span class='ocrx_word' id='word_1_380' title='bbox 1940 2291 1995 2325; x_wconf 85' lang='lat' dir='ltr'>se</span> <span class='ocrx_word' id='word_1_381' title='bbox 2039 2275 2205 2325; x_wconf 87' lang='lat' dir='ltr'>dedit.</span> <span class='ocrx_word' id='word_1_382' title='bbox 2274 2276 2479 2325; x_wconf 77' lang='lat' dir='ltr'>Milites</span> <span class='ocrx_word' id='word_1_383' title='bbox 2502 2276 2642 2326; x_wconf 85' lang='lat' dir='ltr'>Ger-</span> 
     </span>
     <span class='ocr_line' id='line_1_73' title="bbox 1564 2350 2639 2412; baseline 0.003 -11"><span class='ocrx_word' id='word_1_384' title='bbox 1564 2353 1704 2402; x_wconf 85' lang='lat' dir='ltr'>mani</span> <span class='ocrx_word' id='word_1_385' title='bbox 1750 2352 1802 2402; x_wconf 90' lang='lat' dir='ltr'>in</span> <span class='ocrx_word' id='word_1_386' title='bbox 1847 2353 2105 2402; x_wconf 84' lang='lat' dir='ltr'>electione</span> <span class='ocrx_word' id='word_1_387' title='bbox 2138 2350 2360 2412; x_wconf 77' lang='lat' dir='ltr'>Vitellii,</span> <span class='ocrx_word' id='word_1_388' title='bbox 2410 2361 2469 2401; x_wconf 83' lang='lat' dir='ltr'>ut</span> <span class='ocrx_word' id='word_1_389' title='bbox 2508 2352 2639 2404; x_wconf 85' lang='lat' dir='ltr'>Plu-</span> 
     </span>
     <span class='ocr_line' id='line_1_74' title="bbox 1565 2427 2643 2492; baseline 0.002 -16"><span class='ocrx_word' id='word_1_390' title='bbox 1565 2430 1773 2482; x_wconf 85' lang='lat' dir='ltr'>tarchus</span> <span class='ocrx_word' id='word_1_391' title='bbox 1794 2436 2066 2488; x_wconf 82' lang='lat' dir='ltr'>memorat,</span> <span class='ocrx_word' id='word_1_392' title='bbox 2086 2427 2199 2492; x_wconf 73' lang='grc' dir='ltr'>φέρε</span> <span class='ocrx_word' id='word_1_393' title='bbox 2226 2427 2295 2489; x_wconf 78' lang='grc' dir='ltr'>δὲ,</span> <span class='ocrx_word' id='word_1_394' title='bbox 2317 2427 2405 2476; x_wconf 73' lang='grc' dir='ltr'>τὸν</span> <span class='ocrx_word' id='word_1_395' title='bbox 2436 2429 2643 2478; x_wconf 55' lang='lat' dir='ltr'>obiri&amp;-</span> 
     </span>
     <span class='ocr_line' id='line_1_75' title="bbox 1563 2503 2639 2568; baseline 0.002 -16"><span class='ocrx_word' id='word_1_396' title='bbox 1563 2513 1670 2552; x_wconf 76' lang='grc' dir='ltr'>λων</span> <span class='ocrx_word' id='word_1_397' title='bbox 1706 2503 1919 2566; x_wconf 72' lang='grc' dir='ltr'>ἑλόμινοι</span> <span class='ocrx_word' id='word_1_398' title='bbox 1954 2503 2168 2565; x_wconf 71' lang='grc' dir='ltr'>δείξωμεν</span> <span class='ocrx_word' id='word_1_399' title='bbox 2200 2504 2455 2568; x_wconf 69' lang='grc' dir='ltr'><strong><em>ἆνθρόποις</em></strong></span> <span class='ocrx_word' id='word_1_400' title='bbox 2486 2507 2639 2554; x_wconf 64' lang='grc' dir='ltr'><strong><em>πᾶσιν</em></strong></span> 
     </span>
     <span class='ocr_line' id='line_1_76' title="bbox 1563 2580 2641 2644; baseline 0.003 -16"><span class='ocrx_word' id='word_1_401' title='bbox 1563 2581 1623 2630; x_wconf 79' lang='grc' dir='ltr'>ὥς</span> <span class='ocrx_word' id='word_1_402' title='bbox 1642 2580 1835 2644; x_wconf 75' lang='grc' dir='ltr'><strong><em>Ἰβήρων</em></strong></span> <span class='ocrx_word' id='word_1_403' title='bbox 1850 2581 1927 2630; x_wconf 71' lang='grc' dir='ltr'>καὶ</span> <span class='ocrx_word' id='word_1_404' title='bbox 1944 2584 2238 2630; x_wconf 70' lang='grc' dir='ltr'><strong><em>Λουσιτανῶν</em></strong></span> <span class='ocrx_word' id='word_1_405' title='bbox 2258 2581 2471 2641; x_wconf 69' lang='grc' dir='ltr'>ἀμείνους</span> <span class='ocrx_word' id='word_1_406' title='bbox 2492 2580 2641 2642; x_wconf 68' lang='grc' dir='ltr'>ἐσμὲν</span> 
     </span>
     <span class='ocr_line' id='line_1_77' title="bbox 1564 2655 2640 2722; baseline 0.004 -18"><span class='ocrx_word' id='word_1_407' title='bbox 1564 2655 1885 2719; x_wconf 74' lang='grc' dir='ltr'><strong><em>αὐτοκράτορα</em></strong></span> <span class='ocrx_word' id='word_1_408' title='bbox 1915 2658 2160 2720; x_wconf 62' lang='grc' dir='ltr'>αἶρεῦθαι,</span> <span class='ocrx_word' id='word_1_409' title='bbox 2205 2658 2257 2705; x_wconf 83' lang='lat' dir='ltr'>id</span> <span class='ocrx_word' id='word_1_410' title='bbox 2302 2665 2403 2718; x_wconf 74' lang='lat' dir='ltr'>est,</span> <span class='ocrx_word' id='word_1_411' title='bbox 2449 2658 2640 2722; x_wconf 73' lang='lat' dir='ltr'>Agite,</span> 
     </span>
     <span class='ocr_line' id='line_1_78' title="bbox 1563 2733 2639 2796; baseline 0.003 -15"><span class='ocrx_word' id='word_1_412' title='bbox 1563 2735 1737 2782; x_wconf 90' lang='lat' dir='ltr'>electo</span> <span class='ocrx_word' id='word_1_413' title='bbox 1780 2734 1993 2782; x_wconf 83' lang='lat' dir='ltr'>Vitellio</span> <span class='ocrx_word' id='word_1_414' title='bbox 2040 2733 2273 2781; x_wconf 81' lang='lat' dir='ltr'>omnibus</span> <span class='ocrx_word' id='word_1_415' title='bbox 2328 2735 2639 2796; x_wconf 76' lang='lat' dir='ltr'>probemus,</span> 
     </span>
     <span class='ocr_line' id='line_1_79' title="bbox 1567 2799 2635 2878; baseline 0.003 -19"><span class='ocrx_word' id='word_1_416' title='bbox 1567 2799 1813 2878; x_wconf 80' lang='lat' dir='ltr'>Hispanis</span> <span class='ocrx_word' id='word_1_417' title='bbox 1852 2819 1909 2860; x_wconf 86' lang='lat' dir='ltr'>et</span> <span class='ocrx_word' id='word_1_418' title='bbox 1956 2811 2215 2860; x_wconf 75' lang='lat' dir='ltr'>Lusitanis</span> <span class='ocrx_word' id='word_1_419' title='bbox 2254 2811 2495 2861; x_wconf 85' lang='lat' dir='ltr'>meliores</span> <span class='ocrx_word' id='word_1_420' title='bbox 2538 2827 2635 2862; x_wconf 83' lang='lat' dir='ltr'>nos</span> 
     </span>
     <span class='ocr_line' id='line_1_80' title="bbox 1563 2886 2637 2951; baseline 0.002 -15"><span class='ocrx_word' id='word_1_421' title='bbox 1563 2901 1699 2948; x_wconf 78' lang='lat' dir='ltr'>esse,</span> <span class='ocrx_word' id='word_1_422' title='bbox 1726 2886 1815 2951; x_wconf 87' lang='lat' dir='ltr'>qui</span> <span class='ocrx_word' id='word_1_423' title='bbox 1852 2887 2227 2950; x_wconf 80' lang='lat' dir='ltr'>Imperatorem</span> <span class='ocrx_word' id='word_1_424' title='bbox 2260 2889 2637 2938; x_wconf 83' lang='lat' dir='ltr'>creaverimua.</span> 
     </span>
     <span class='ocr_line' id='line_1_81' title="bbox 1561 2961 2635 3025; baseline 0.003 -15"><span class='ocrx_word' id='word_1_425' title='bbox 1561 2963 1828 3012; x_wconf 77' lang='lat' dir='ltr'>Vitellium</span> <span class='ocrx_word' id='word_1_426' title='bbox 1870 2969 1929 3012; x_wconf 86' lang='lat' dir='ltr'>ut</span> <span class='ocrx_word' id='word_1_427' title='bbox 1966 2962 2200 3010; x_wconf 83' lang='lat' dir='ltr'>militaris</span> <span class='ocrx_word' id='word_1_428' title='bbox 2238 2961 2381 3012; x_wconf 79' lang='lat' dir='ltr'>favor</span> <span class='ocrx_word' id='word_1_429' title='bbox 2414 2965 2635 3025; x_wconf 84' lang='lat' dir='ltr'>extulit,</span> 
     </span>
     <span class='ocr_line' id='line_1_82' title="bbox 1562 3037 2633 3102; baseline 0.005 -17"><span class='ocrx_word' id='word_1_430' title='bbox 1562 3037 1637 3086; x_wconf 81' lang='lat' dir='ltr'>ita</span> <span class='ocrx_word' id='word_1_431' title='bbox 1688 3045 1745 3086; x_wconf 86' lang='lat' dir='ltr'>et</span> <span class='ocrx_word' id='word_1_432' title='bbox 1799 3037 2060 3086; x_wconf 80' lang='lat' dir='ltr'>destituit.</span> <span class='ocrx_word' id='word_1_433' title='bbox 2127 3039 2303 3088; x_wconf 84' lang='lat' dir='ltr'>‘Nam</span> <span class='ocrx_word' id='word_1_434' title='bbox 2354 3054 2512 3102; x_wconf 82' lang='lat' dir='ltr'>posse</span> <span class='ocrx_word' id='word_1_435' title='bbox 2564 3041 2633 3090; x_wconf 75' lang='lat' dir='ltr'>ab</span> 
     </span>
     <span class='ocr_line' id='line_1_83' title="bbox 1562 3112 2638 3178; baseline 0.002 -16"><span class='ocrx_word' id='word_1_436' title='bbox 1562 3114 1798 3162; x_wconf 84' lang='lat' dir='ltr'>exercitu</span> <span class='ocrx_word' id='word_1_437' title='bbox 1819 3112 2117 3178; x_wconf 83' lang='lat' dir='ltr'>Principem</span> <span class='ocrx_word' id='word_1_438' title='bbox 2135 3113 2265 3178; x_wconf 85' lang='lat' dir='ltr'>fieri,</span> <span class='ocrx_word' id='word_1_439' title='bbox 2290 3115 2389 3164; x_wconf 84' lang='lat' dir='ltr'>sibi</span> <span class='ocrx_word' id='word_1_440' title='bbox 2419 3117 2520 3178; x_wconf 80' lang='lat' dir='ltr'>ipsi</span> <span class='ocrx_word' id='word_1_441' title='bbox 2546 3117 2638 3166; x_wconf 82' lang='lat' dir='ltr'>vi·</span> 
     </span>
     <span class='ocr_line' id='line_1_84' title="bbox 1562 3189 2635 3252; baseline 0.006 -16"><span class='ocrx_word' id='word_1_442' title='bbox 1562 3189 1735 3238; x_wconf 82' lang='lat' dir='ltr'>tellius</span> <span class='ocrx_word' id='word_1_443' title='bbox 1780 3189 2089 3239; x_wconf 86' lang='lat' dir='ltr'>documento</span> <span class='ocrx_word' id='word_1_444' title='bbox 2134 3191 2249 3252; x_wconf 84' lang='lat' dir='ltr'>est,&#39;</span> <span class='ocrx_word' id='word_1_445' title='bbox 2304 3191 2379 3240; x_wconf 88' lang='lat' dir='ltr'>ait</span> <span class='ocrx_word' id='word_1_446' title='bbox 2422 3193 2635 3242; x_wconf 83' lang='lat' dir='ltr'>Mucia·</span> 
     </span>
     <span class='ocr_line' id='line_1_85' title="bbox 1562 3267 2631 3330; baseline 0.004 -16"><span class='ocrx_word' id='word_1_447' title='bbox 1562 3281 1657 3315; x_wconf 85' lang='lat' dir='ltr'>nus</span> <span class='ocrx_word' id='word_1_448' title='bbox 1712 3268 1849 3330; x_wconf 86' lang='lat' dir='ltr'>apud</span> <span class='ocrx_word' id='word_1_449' title='bbox 1912 3267 2082 3317; x_wconf 80' lang='lat' dir='ltr'>Tacit.</span> <span class='ocrx_word' id='word_1_450' title='bbox 2120 3268 2261 3316; x_wconf 84' lang='lat' dir='ltr'>Hist.</span> <span class='ocrx_word' id='word_1_451' title='bbox 2304 3282 2365 3320; x_wconf 84' lang='lat' dir='ltr'>u.</span> <span class='ocrx_word' id='word_1_452' title='bbox 2455 3269 2530 3319; x_wconf 86' lang='lat' dir='ltr'>Et</span> <span class='ocrx_word' id='word_1_453' title='bbox 2574 3269 2631 3318; x_wconf 88' lang='lat' dir='ltr'>in</span> 
     </span>
     <span class='ocr_line' id='line_1_86' title="bbox 1562 3342 2632 3410; baseline 0.007 -21"><span class='ocrx_word' id='word_1_454' title='bbox 1562 3342 1853 3392; x_wconf 82' lang='lat' dir='ltr'>universum</span> <span class='ocrx_word' id='word_1_455' title='bbox 1910 3351 2183 3408; x_wconf 82' lang='lat' dir='ltr'>postquam</span> <span class='ocrx_word' id='word_1_456' title='bbox 2239 3347 2399 3394; x_wconf 82' lang='lat' dir='ltr'>semel</span> <span class='ocrx_word' id='word_1_457' title='bbox 2456 3348 2632 3410; x_wconf 85' lang='lat' dir='ltr'>patuit</span> 
     </span>
     <span class='ocr_line' id='line_1_87' title="bbox 1560 3416 2633 3482; baseline 0.007 -18"><span class='ocrx_word' id='word_1_458' title='bbox 1560 3416 1699 3465; x_wconf 85' lang='lat' dir='ltr'>istud</span> <span class='ocrx_word' id='word_1_459' title='bbox 1756 3417 2116 3468; x_wconf 81' lang='lat' dir='ltr'>dominationis</span> <span class='ocrx_word' id='word_1_460' title='bbox 2172 3435 2439 3482; x_wconf 85' lang='lat' dir='ltr'>arcannm,</span> <span class='ocrx_word' id='word_1_461' title='bbox 2484 3424 2633 3472; x_wconf 78' lang='lat' dir='ltr'>evul-</span> 
     </span>
     <span class='ocr_line' id='line_1_88' title="bbox 1562 3494 2635 3562; baseline 0.008 -20"><span class='ocrx_word' id='word_1_462' title='bbox 1562 3500 1720 3556; x_wconf 86' lang='lat' dir='ltr'>gante</span> <span class='ocrx_word' id='word_1_463' title='bbox 1744 3494 1936 3557; x_wconf 84' lang='lat' dir='ltr'>Galba,</span> <span class='ocrx_word' id='word_1_464' title='bbox 1958 3497 2131 3558; x_wconf 87' lang='lat' dir='ltr'>plures</span> <span class='ocrx_word' id='word_1_465' title='bbox 2162 3498 2518 3562; x_wconf 83' lang='lat' dir='ltr'>Imperatores</span> <span class='ocrx_word' id='word_1_466' title='bbox 2542 3500 2635 3550; x_wconf 85' lang='lat' dir='ltr'>ali·</span> 
     </span>
     <span class='ocr_line' id='line_1_89' title="bbox 1562 3568 2629 3634; baseline 0.007 -17"><span class='ocrx_word' id='word_1_467' title='bbox 1562 3568 1635 3630; x_wconf 92' lang='lat' dir='ltr'>bi,</span> <span class='ocrx_word' id='word_1_468' title='bbox 1654 3585 1804 3634; x_wconf 84' lang='lat' dir='ltr'>quam</span> <span class='ocrx_word' id='word_1_469' title='bbox 1830 3572 2006 3619; x_wconf 74' lang='lat' dir='ltr'>Romae</span> <span class='ocrx_word' id='word_1_470' title='bbox 2040 3573 2213 3622; x_wconf 87' lang='lat' dir='ltr'>electi.</span> <span class='ocrx_word' id='word_1_471' title='bbox 2286 3569 2489 3622; x_wconf 75' lang='lat' dir='ltr'>Praeter</span> <span class='ocrx_word' id='word_1_472' title='bbox 2510 3576 2629 3626; x_wconf 66' lang='lat' dir='ltr'>haze</span> 
     </span>
     <span class='ocr_line' id='line_1_90' title="bbox 1559 3645 2632 3714; baseline 0.007 -22"><span class='ocrx_word' id='word_1_473' title='bbox 1559 3645 1747 3708; x_wconf 77' lang='lat' dir='ltr'>imperii</span> <span class='ocrx_word' id='word_1_474' title='bbox 1791 3653 1883 3694; x_wconf 81' lang='lat' dir='ltr'>aut</span> <span class='ocrx_word' id='word_1_475' title='bbox 1917 3647 2251 3698; x_wconf 74' lang='lat' dir='ltr'>dominationis</span> <span class='ocrx_word' id='word_1_476' title='bbox 2290 3665 2464 3698; x_wconf 72' lang='lat' dir='ltr'>maan</span> <span class='ocrx_word' id='word_1_477' title='bbox 2499 3651 2632 3714; x_wconf 79' lang='lat' dir='ltr'>legi-</span> 
     </span>
     <span class='ocr_line' id='line_1_91' title="bbox 1560 3721 2628 3777; baseline 0.008 -9"><span class='ocrx_word' id='word_1_478' title='bbox 1560 3733 1673 3768; x_wconf 88' lang='lat' dir='ltr'>mus</span> <span class='ocrx_word' id='word_1_479' title='bbox 1711 3721 1867 3769; x_wconf 87' lang='lat' dir='ltr'>etiam</span> <span class='ocrx_word' id='word_1_480' title='bbox 1904 3721 2043 3770; x_wconf 82' lang='lat' dir='ltr'>Anu.</span> <span class='ocrx_word' id='word_1_481' title='bbox 2080 3724 2117 3772; x_wconf 91' lang='lat' dir='ltr'>l.</span> <span class='ocrx_word' id='word_1_482' title='bbox 2161 3739 2198 3774; x_wconf 86' lang='lat'>1.</span> <span class='ocrx_word' id='word_1_483' title='bbox 2242 3725 2493 3776; x_wconf 84' lang='lat' dir='ltr'>‘Arcana</span> <span class='ocrx_word' id='word_1_484' title='bbox 2536 3727 2628 3777; x_wconf 91' lang='lat' dir='ltr'>do-</span> 
     </span>
     <span class='ocr_line' id='line_1_92' title="bbox 1562 3799 2627 3867; baseline 0.008 -21"><span class='ocrx_word' id='word_1_485' title='bbox 1562 3813 1672 3848; x_wconf 76' lang='lat' dir='ltr'>mus</span> <span class='ocrx_word' id='word_1_486' title='bbox 1698 3799 1981 3862; x_wconf 76' lang='lat' dir='ltr'>Augustae,&#39;</span> <span class='ocrx_word' id='word_1_487' title='bbox 2006 3800 2058 3848; x_wconf 87' lang='lat' dir='ltr'>id</span> <span class='ocrx_word' id='word_1_488' title='bbox 2084 3807 2165 3850; x_wconf 77' lang='lat' dir='ltr'>est</span> <span class='ocrx_word' id='word_1_489' title='bbox 2196 3803 2330 3851; x_wconf 64' lang='lat' dir='ltr'>aulai</span> <span class='ocrx_word' id='word_1_490' title='bbox 2372 3805 2455 3852; x_wconf 79' lang='lat' dir='ltr'>vel</span> <span class='ocrx_word' id='word_1_491' title='bbox 2488 3805 2627 3867; x_wconf 74' lang='lat' dir='ltr'>paln-</span> 
     </span>
     <span class='ocr_line' id='line_1_93' title="bbox 1563 3875 2627 3938; baseline 0.007 -15"><span class='ocrx_word' id='word_1_492' title='bbox 1563 3875 1637 3923; x_wconf 86' lang='lat' dir='ltr'>tio</span> <span class='ocrx_word' id='word_1_493' title='bbox 1660 3876 1883 3938; x_wconf 86' lang='lat' dir='ltr'>propria,</span> <span class='ocrx_word' id='word_1_494' title='bbox 1906 3882 1961 3924; x_wconf 90' lang='lat' dir='ltr'>et</span> <span class='ocrx_word' id='word_1_495' title='bbox 1985 3875 2119 3924; x_wconf 84' lang='lat' dir='ltr'>Anu.</span> <span class='ocrx_word' id='word_1_496' title='bbox 2146 3889 2230 3927; x_wconf 83' lang='grc' dir='ltr'><strong>ιιι.</strong></span> <span class='ocrx_word' id='word_1_497' title='bbox 2254 3881 2269 3906; x_wconf 92' lang='lat'>‘</span> <span class='ocrx_word' id='word_1_498' title='bbox 2295 3887 2503 3928; x_wconf 85' lang='lat' dir='ltr'>secreta</span> <span class='ocrx_word' id='word_1_499' title='bbox 2522 3879 2627 3929; x_wconf 84' lang='lat' dir='ltr'>Im-</span> 
     </span>
     <span class='ocr_line' id='line_1_94' title="bbox 1562 3951 2199 4014; baseline 0.005 -16"><span class='ocrx_word' id='word_1_500' title='bbox 1562 3957 1891 4014; x_wconf 56' lang='lat' dir='ltr'>peratorumss</span> <span class='ocrx_word' id='word_1_501' title='bbox 1956 3951 2199 4002; x_wconf 74' lang='lat' dir='ltr'>Savillius.</span> 
     </span>
    </p>

    <p class='ocr_par' dir='ltr' id='par_1_6' title="bbox 1560 4027 2630 4245">
     <span class='ocr_line' id='line_1_95' title="bbox 1632 4027 2630 4094; baseline 0.009 -21"><span class='ocrx_word' id='word_1_502' title='bbox 1632 4027 1753 4074; x_wconf 77' lang='lat' dir='ltr'>Pars</span> <span class='ocrx_word' id='word_1_503' title='bbox 1770 4029 1934 4090; x_wconf 77' lang='lat' dir='ltr'>populi</span> <span class='ocrx_word' id='word_1_504' title='bbox 1954 4030 2161 4091; x_wconf 71' lang='lat' dir='ltr'>integra,</span> <span class='ocrx_word' id='word_1_505' title='bbox 2192 4035 2239 4078; x_wconf 78' lang='lat' dir='ltr'>et</span> <span class='ocrx_word' id='word_1_506' title='bbox 2258 4031 2468 4094; x_wconf 74' lang='lat' dir='ltr'>magnis]</span> <span class='ocrx_word' id='word_1_507' title='bbox 2532 4032 2630 4083; x_wconf 81' lang='lat' dir='ltr'>At-</span> 
     </span>
     <span class='ocr_line' id='line_1_96' title="bbox 1562 4099 2627 4172; baseline 0.007 -20"><span class='ocrx_word' id='word_1_508' title='bbox 1562 4099 1737 4163; x_wconf 87' lang='lat' dir='ltr'>tende,</span> <span class='ocrx_word' id='word_1_509' title='bbox 1772 4113 1831 4153; x_wconf 87' lang='lat' dir='ltr'>et</span> <span class='ocrx_word' id='word_1_510' title='bbox 1868 4118 2065 4153; x_wconf 85' lang='lat' dir='ltr'>mecum</span> <span class='ocrx_word' id='word_1_511' title='bbox 2110 4105 2393 4156; x_wconf 81' lang='lat' dir='ltr'>rescribes:</span> <span class='ocrx_word' id='word_1_512' title='bbox 2423 4121 2545 4171; x_wconf 79' lang='lat' dir='ltr'>pars</span> <span class='ocrx_word' id='word_1_513' title='bbox 2571 4123 2627 4172; x_wconf 78' lang='lat' dir='ltr'>p.</span> 
     </span>
     <span class='ocr_line' id='line_1_97' title="bbox 1560 4181 2629 4245; baseline 0.005 -16"><span class='ocrx_word' id='word_1_514' title='bbox 1560 4181 1775 4245; x_wconf 70' lang='lat' dir='ltr'>integra,</span> <span class='ocrx_word' id='word_1_515' title='bbox 1794 4185 1845 4234; x_wconf 76' lang='lat' dir='ltr'>et</span> <span class='ocrx_word' id='word_1_516' title='bbox 1872 4181 2062 4242; x_wconf 71' lang='lat' dir='ltr'>maguis</span> <span class='ocrx_word' id='word_1_517' title='bbox 2099 4181 2313 4233; x_wconf 56' lang='lat' dir='ltr'>donaba</span> <span class='ocrx_word' id='word_1_518' title='bbox 2328 4184 2511 4234; x_wconf 67' lang='lat' dir='ltr'>annexi</span> <span class='ocrx_word' id='word_1_519' title='bbox 2544 4184 2629 4234; x_wconf 78' lang='lat' dir='ltr'>cli·</span> 
     </span>
    </p>
   </div>
  </div>
 </body>
</html>
