2897 4742
2274 331 2452 401 4086

1389 490 1558 541 onibus
1610 494 1888 541 statuerent.
1962 490 2175 539 Fratres
2234 488 2451 557 (inquit)

1389 571 1649 629 expecto:
1700 566 1889 613 etenim
1916 565 2055 615 inter
2082 580 2173 614 uos
2198 566 2308 629 jam
2330 581 2451 616 con-

1387 643 1549 703 venit,
1571 650 1627 691 ut
1660 642 1743 691 hic
1780 656 1957 691 omnes
1981 641 2047 689 de
2081 643 2236 689 rebus
2276 643 2454 691 Arme-

1388 718 1491 765 nia>
1507 718 1867 779 decernamus,
1885 717 2059 782 (eujus
2083 717 2451 779 possessionem

1389 791 1463 840 dii
1486 800 1545 841 ut
1580 798 1684 841 tem
1717 792 1925 854 dignam
1967 792 2353 855 Arsacidarum,
2388 793 2453 843 ils

763 346 912 396 ms.
959 347 1092 396 xv.
1138 346 1308 397 oar.
1341 331 1448 397 14.
1494 346 1936 399 ANNALIUM.

181 482 346 549 fnit,
375 487 512 553 quid
527 487 758 539 futurum
785 488 1034 540 Armenia
1055 490 1144 555 sit,
1160 506 1312 557 quam

181 562 254 611 iss
299 578 488 615 mnu
517 566 831 616 Parthorum
867 581 1104 631 posuere,
1125 567 1314 617 ceden-

183 638 380 690 tibu-
435 641 724 704 legionibus
786 642 1051 703 Romanis,
1098 642 1310 705 dignum

181 727 338 766 esee
370 716 748 767 Arsacidarum
771 719 852 766 vel
883 718 1134 767 memoria
1153 716 1312 766 frede·

187 802 346 840 rum
387 793 475 841 vel
513 793 956 842 commiseratione
991 790 1232 854 fortunae,
1251 796 1313 841 ut

188 865 399 916 etim
421 867 492 917 de
515 867 800 931 legionibus
831 868 976 918 Rom.
999 872 1309 917 statuerent.

187 940 472 991 Perinde
506 950 589 991 est
623 943 798 1007 itaque
839 951 898 991 ut
941 943 986 991 si
1027 944 1309 1006 scripserit,

193 1024 559 1081 exspectare
581 1018 678 1066 sibi
701 1032 816 1068 esse
837 1020 890 1067 in
911 1020 1080 1067 animo
1102 1017 1312 1079 fratres,

193 1100 272 1143 et
319 1095 384 1143 in
424 1094 482 1143 id
513 1100 720 1157 tempus
759 1096 1026 1144 consilium
1063 1104 1118 1145 et
1140 1096 1306 1145 locum

197 1170 470 1233 rejicere
497 1187 512 1218 ε
549 1171 689 1219 Deos
711 1170 964 1235 adjecisse
988 1177 1160 1221 tamen
1183 1172 1307 1236 quid

198 1255 518 1297 cernerent
551 1246 619 1295 de
656 1246 936 1297 Armenia:
993 1248 1308 1313 dignumque

197 1332 350 1373 este
365 1324 604 1373 Familia·
621 1323 946 1388 nominisque
963 1325 1060 1387 sni,
1075 1332 1306 1375 statuere

192 1414 336 1451 nm
356 1402 428 1451 de
446 1402 736 1464 legionibus
757 1402 1019 1453 Romanis.
1043 1404 1306 1453 Fmettus.

289 1478 548 1537 Adiecisse
586 1480 720 1527 Deos
755 1478 976 1542 dignuin]
1032 1481 1200 1530 Locus
1237 1480 1305 1529 de

205 1566 338 1617 qno
374 1555 483 1603 tria
514 1554 676 1603 verba
714 1568 814 1604 non
851 1570 1054 1618 possum
1086 1556 1304 1605 hiscere.

207 1628 452 1693 lipsium

285 1706 544 1767 Adiecisse
573 1708 705 1757 Deos
738 1709 936 1771 dignm
967 1708 1306 1759 Arsacidarum

207 1780 376 1831 sinaut
407 1788 458 1831 et
485 1784 546 1832 de
564 1784 826 1844 leg-ionibus
847 1785 988 1833 Rom.
1022 1784 1306 1846 statuenu]

209 1857 576 1908 Scribendum
621 1864 858 1923 apparet,
903 1860 1156 1921 Adiecisset
1211 1873 1306 1919 eos,

207 1932 430 1993 dignum
463 1934 820 1996 Arsacidarum,
840 1936 919 1995 &a
982 1934 1173 1982 Sensus
1191 1941 1301 1983 est.

215 2006 533 2071 Rescripsit
571 2009 853 2071 Vologeses
912 2024 968 2059 se
1013 2009 1305 2059 adhibuisse

217 2080 427 2132 fratres
447 2098 565 2131 snos
579 2085 628 2132 in
647 2085 938 2147 consilium,
957 2085 1216 2134 Pacorum
1241 2100 1304 2135 ac

1389 867 1740 930 tradiderunt)
1774 869 2025 931 simulque
2060 876 2347 917 statuamus
2384 866 2452 917 de

1387 942 1678 1005 legionibus
1702 943 1961 991 Romanis.
1991 943 2314 992 subobscure
2338 943 2453 1007 qui-

1385 1021 1503 1069 dcm
1545 1024 1641 1070 hoc
1680 1022 1731 1069 in
1770 1023 1881 1069 loco
1922 1021 2201 1079 Vologeses
2223 1019 2451 1082 apertius

1386 1096 1539 1145 alibi:
1572 1098 1639 1146 Se
1665 1096 1855 1159 priora,
1888 1102 1944 1144 et
1967 1095 2121 1143 toties
2136 1095 2342 1157 jactata
2364 1110 2467 1155 sur

1385 1184 1482 1235 per
1523 1170 1804 1219 obtinenda
1850 1169 2098 1218 Armenia
2135 1184 2269 1218 nunc
2303 1171 2452 1220 omit-

1385 1252 1521 1307 tere,
1538 1247 1775 1310 quoniam
1798 1245 1889 1294 Dii
1908 1246 2138 1309 quamvis
2156 1247 2449 1308 potentium

1384 1324 1693 1385 populorum
1719 1322 1899 1371 arbitri
1925 1322 2296 1385 possessionem
2320 1322 2448 1372 Par·

1383 1399 1485 1446 this
1509 1412 1609 1447 non
1632 1398 1743 1447 siue
1780 1397 2052 1461 ignominia
2089 1398 2319 1446 Romana
2340 1404 2449 1447 tra·

1381 1472 1647 1523 didissent.
1692 1472 1757 1522 'rb
1777 1473 1977 1533 adjicere
1996 1476 2106 1523 sive
2128 1474 2314 1535 addere,
2348 1486 2445 1537 pro

1379 1551 1509 1599 dare.
1573 1552 1781 1599 Terent.
1823 1550 1954 1599 Eun.
2018 1551 2035 1576 ‘
2064 1548 2231 1598 Quam
2278 1548 2448 1613 inique

1381 1633 1733 1687 comparatum
1758 1632 1857 1687 est,
1887 1624 1923 1672 ii
1947 1624 2033 1687 qui
2070 1624 2233 1671 minus
2252 1624 2449 1674 liabent

1386 1701 1460 1749 Ut
1498 1714 1703 1763 semper
1741 1698 1935 1763 aliquid
1970 1696 2168 1747 addant
2203 1697 2449 1749 divitiori-

1383 1776 1525 1826 bus!’
1559 1776 1836 1825 Salina-ius.
1907 1774 2227 1837 Desperatus
2266 1773 2447 1837 Lipsio

1381 1859 1542 1919 locus,
1575 1856 1661 1920 qui
1704 1856 1805 1905 tria
1835 1854 1901 1902 de
1944 1868 2007 1901 eo
2046 1852 2205 1902 verba
2246 1853 2448 1904 hiscere

1383 1946 1483 1980 non
1524 1938 1716 1995 potest.
1781 1930 1895 1991 Ego
1930 1928 2140 1992 aliquid,
2174 1928 2276 1977 imo
2318 1930 2449 1979 mul·

1381 2015 1490 2057 tum
1535 2023 1762 2073 possum,
1791 2007 1882 2055 sed
1922 2005 2053 2055 certi
2093 2010 2265 2055 tamen
2302 2007 2447 2057 nihil.

1379 2086 1561 2133 Visum
1584 2090 1665 2133 est
1694 2084 1859 2147 primo
1881 2089 2247 2145 transponere:
2300 2081 2449 2131 Illum

217 2157 542 2215 Tiridatem,
567 2166 623 2207 ut
657 2160 810 2223 digne
851 2160 1115 2209 Arsacidis
1153 2162 1300 2210 simul

221 2238 288 2283 et
336 2232 590 2283 Romanis
625 2240 930 2284 statuerent.
1021 2236 1128 2283 Cur
1165 2236 1302 2284 enim

223 2322 339 2357 non
365 2310 558 2371 possim
580 2309 800 2358 docendi
834 2310 1006 2371 gratia
1035 2309 1111 2357 sic
1146 2309 1305 2374 loqui,

225 2397 394 2448 quum
419 2385 606 2434 Cicero
651 2385 862 2447 dixerit,
894 2387 910 2413 ‘
936 2386 1305 2435 convenienter

229 2459 443 2508 naturai
463 2459 676 2509 vivere.⁹
739 2459 985 2509 Arbitror
1006 2469 1182 2510 autem
1204 2463 1308 2523 dig-

223 2547 348 2582 nun·
389 2534 732 2583 Arsacidarum
785 2536 1072 2585 imitatione
1117 2537 1306 2586 Graeca

225 2611 518 2673 protulisse
561 2609 696 2671 ἀξίας
736 2612 832 2659 τᾶν
869 2611 1168 2674 Ἀρσακιδῶν·
1207 2612 1306 2661 nisi

229 2685 356 2749 quis
397 2687 564 2750 malit,
596 2687 793 2748 dig-num
827 2686 1166 2736 Arsacidarum
1209 2701 1305 2751 pro

227 2761 523 2824 dignitatern
545 2763 881 2812 Arsacidarum
899 2779 917 2812 .·
947 2763 1044 2812 hoc
1062 2770 1139 2813 est
1159 2779 1174 2822 3
1209 2777 1306 2827 pro

229 2836 498 2899 dignitate
525 2835 886 2885 Arsacidarum
903 2838 1054 2886 simul
1077 2839 1212 2886 etde
1233 2839 1307 2886 le-

229 2912 472 2974 gionibus
501 2913 650 2962 Rom.
688 2919 996 2962 statuerent.
1037 2913 1306 2961 Rhenanus.

227 2986 288 3036 Si
315 2987 430 3050 quis
451 3001 533 3035 me
556 2987 749 3048 audiet,
771 2987 844 3036 ita
868 2987 1027 3049 leget,
1061 2986 1307 3046 Adice-isse

227 3077 333 3126 eos,
361 3064 559 3126 &num
595 3063 953 3125 Arsacidarum,
982 3064 1124 3112 simul
1157 3067 1211 3112 ut
1247 3065 1306 3112 de

226 3139 497 3200 legionibus
523 3141 658 3189 Rmn.
675 3143 936 3188 statuerent
953 3155 970 3186 .-
1001 3139 1100 3188 hoc
1117 3153 1305 3200 sensu,

229 3213 550 3263 Adhibuisse
587 3213 774 3262 fratres
797 3214 850 3261 in
875 3213 1164 3276 consilinm,
1194 3214 1304 3278 dig-

227 3301 358 3338 num
379 3303 494 3338 esse
515 3288 800 3351 Arsacidis,
821 3297 881 3339 ut
915 3303 1016 3337 una
1050 3289 1116 3337 de
1149 3290 1306 3352 legio-

231 3365 391 3416 nibus
431 3367 586 3416 Rom.
627 3366 981 3415 deliberarent
1023 3366 1145 3430 quid
1192 3365 1304 3415 fieri

231 3449 521 3505 oporteret.
587 3442 881 3491 Vertranius.
968 3441 1192 3490 Videtur
1240 3457 1305 3490 ex

231 3533 292 3568 v.
307 3533 355 3568 c.
392 3519 468 3567 ita
498 3519 749 3580 legendus
784 3519 866 3566 hic
908 3519 1084 3566 locus:
1125 3519 1228 3572 Quo
1247 3521 1306 3586 de

231 3597 468 3646 Armenia
515 3599 828 3644 decernerent.
917 3595 1158 3656 Atijecisse
1199 3599 1308 3646 deos

231 3670 438 3732 dig-num
457 3670 812 3732 Arsacidarum,
833 3672 974 3719 simul
995 3677 1051 3720 ut
1069 3673 1128 3720 de
1164 3673 1308 3734 legio-

232 3745 378 3795 nibus
403 3747 537 3795 Rom.
558 3750 834 3795 aarum.
875 3747 1108 3795 Ursinus.
1167 3747 1308 3796 Mor-

233 3820 318 3871 bis
341 3821 632 3883 desperatis
661 3819 1002 3885 quale‘quale
1027 3821 1307 3870 remedium

235 3909 342 3945 non
381 3895 604 3945 dedecet
628 3897 898 3945 adhibere:
935 3895 1164 3960 illudque
1186 3897 1308 3946 inde

236 3970 366 4019 milii
404 3979 596 4032 petam,
635 3969 771 4018 unde
813 3971 971 4019 toties
1008 3977 1308 4033 suggestum

239 4051 356 4094 est:
391 4045 506 4095 scil.
542 4060 573 4093 a
605 4045 933 4108 parenthesi:
975 4045 1103 4098 Quid
1124 4047 1183 4093 de
1213 4047 1309 4095 Ar-

239 4122 400 4172 snenia
419 4126 662 4171 cernerent
695 4121 958 4184 (adiecisse
987 4121 1096 4169 deos
1114 4122 1312 4182 dignu-s

241 4195 618 4261 mum)
635 4196 774 4248 simut
793 4200 842 4246 et
859 4197 920 4246 ds
943 4195 1170 4250 Romanis
1194 4195 1312 4260 tegi-

1379 2161 1526 2209 locum
1570 2166 1838 2223 tempusque
1900 2157 2090 2206 consilto
2142 2156 2448 2222 destinatum,

1378 2238 1495 2299 quid
1530 2238 1589 2285 de
1622 2236 1869 2295 Armenia,
1902 2248 2047 2294 regno
2090 2232 2449 2295 Arsacidarum,

1378 2316 1619 2359 cernerent
1635 2325 1651 2357 .·
1667 2310 1886 2369 adiecisse
1903 2308 2030 2356 Deos
2040 2308 2179 2355 simia
2194 2311 2248 2354 ut
2261 2308 2319 2354 de
2332 2306 2451 2369 teg-i·

1378 2387 1544 2435 onibus
1585 2387 1723 2434 Rom.
1754 2387 2034 2433 statuerent.
2100 2382 2299 2431 Postea
2335 2382 2446 2432 sine

1379 2461 1781 2526 transpositione
1804 2459 2039 2522 legebam
2078 2459 2284 2522 saltem,
2303 2458 2448 2520 Adie-

1378 2539 1497 2589 cisse
1518 2540 1646 2588 Deos
1671 2537 1878 2598 fastigio
1911 2535 2269 2597 Arsacidarum,
2304 2535 2451 2585 simul

1379 2619 1427 2664 et
1461 2615 1520 2663 de
1559 2616 1653 2675 teg.
1701 2613 1767 2662 R.
1812 2616 2089 2661 statuerent.
2157 2610 2447 2674 Fastigium

1383 2689 1749 2739 Arsacidarum
1788 2686 1933 2736 initio
1966 2687 2125 2735 etiam
2159 2685 2306 2750 hujus
2329 2684 2449 2734 libri

1380 2764 1543 2813 dixit:
1579 2763 1805 2828 Spretusn
1822 2761 2159 2810 Arsacidarum
2182 2760 2447 2824 fastigium

1379 2840 1454 2889 ire
1484 2839 1634 2888 ultum
1661 2839 1832 2887 volens.
1898 2837 2075 2885 Possit
2111 2837 2304 2886 etiam:
2340 2837 2447 2885 Ad·

1363 2915 1535 2975 jecisse
1554 2915 1698 2972 Deos,
1716 2913 1775 2961 de
1789 2927 1933 2973 regno
1948 2911 2285 2960 Arsacidarum
2304 2912 2446 2961 ansul

1379 2997 1427 3041 et
1446 2993 1505 3040 de
1526 2993 1619 3052 leg.
1662 2989 1728 3037 R.
1746 2992 2026 3037 statuerent.
2055 2987 2194 3038 Quid
2226 2987 2270 3036 si
2304 2987 2447 3049 lega-

1380 3067 1495 3115 tur?
1541 3066 1735 3114 ntorum
1769 3062 2013 3125 (fratrum
2051 3061 2163 3111 scil.
2178 3059 2203 3124 )
2254 3061 2449 3110 consitio

1377 3143 1526 3192 locum
1560 3147 1825 3204 tempusque
1858 3139 2215 3198 designandum,
2256 3150 2347 3200 quo
2382 3137 2445 3186 de

1381 3216 1608 3265 Armenia
1627 3218 1886 3262 cernerent.
1942 3211 2179 3272 Adiecisse
2196 3212 2325 3260 Deos
2343 3211 2446 3260 Ar-

1376 3295 1643 3342 sacidarum
1654 3290 1864 3351 fastigio
1900 3288 2117 3350 dignuin,
2140 3289 2281 3338 simia
2312 3293 2365 3337 ut
2387 3287 2448 3338 de

1378 3369 1473 3430 teg.
1497 3367 1561 3416 R.
1584 3371 1859 3415 statuerent.
1898 3363 2179 3413 Acidalius.
2244 3364 2446 3427 Trajec·

1380 3445 1521 3493 tione
1544 3451 1600 3492 et
1632 3442 1919 3491 mutatione
1958 3440 2094 3489 haud
2134 3441 2297 3490 multa
2333 3455 2449 3490 seu·

1379 3533 1491 3568 sum
1514 3518 1783 3580 Vologesis
1807 3517 2044 3579 epistolae
2074 3521 2445 3578 congruentem

1379 3595 1454 3646 sic
1477 3609 1636 3643 eruo:
1690 3593 1923 3654 Atlegisse
1955 3592 2083 3640 Deos
2114 3591 2248 3639 illum
2278 3591 2443 3656 mm,

1380 3677 1644 3734 tempusque
1660 3670 1855 3730 dignum
1879 3661 2218 3715 Arsacidarum
2250 3665 2447 3714 consilio

1379 3749 1683 3807 destinatum,
1714 3745 1825 3808 quid
1857 3745 1914 3792 de
1939 3740 2162 3791 Arnoenia
2184 3745 2447 3806 cernerent,

1378 3823 1520 3872 simul
1540 3827 1589 3871 et
1608 3823 1665 3869 de
1686 3823 1779 3882 leg.
1802 3819 1866 3867 R.
1888 3821 2167 3866 statuerent.
2202 3815 2437 3867 Grotius.

1381 3896 1561 3945 Ausim
1600 3893 1925 3958 sponsionem
1968 3890 2145 3940 facere
2182 3890 2257 3939 ita
2294 3895 2444 3940 recte

1381 3975 1548 4022 locum
1566 3972 1771 4032 hahere,
1782 3970 1860 4031 qui
1872 3968 1931 4016 de
1940 3965 2164 4016 Armenia
2176 3971 2415 4015 cernerent
2428 3983 2447 4016 .·

1381 4056 1455 4112 et,
1484 4049 1623 4097 simut
1645 4049 1703 4095 de
1735 4043 2012 4106 legionibus.
2082 4042 2179 4098 Qui
2213 4055 2310 4104 pro
2336 4041 2451 4096 Quo'

1383 4123 1493 4172 sive
1526 4123 1593 4172 Ut
1614 4119 1853 4186 positum.
1921 4117 2124 4166 Cernere
2144 4115 2226 4165 hic
2243 4120 2446 4165 certare

1383 4203 1485 4250 est.
1506 4197 1725 4260 Βίειιιιηι
1740 4190 2097 4257 Arsacidas-sas,
2118 4197 2280 4258 recte,
2295 4203 2444 4258 reque
