2897 4742
738 345 884 394 mn.
933 345 1044 393 ιιι.
1089 346 1256 394 osv.
1297 329 1408 394 54.
1457 345 1889 396 ANNALIUM.

197 486 292 538 lib.
339 502 392 537 v.
429 486 448 516 ⁸
473 500 572 536 nec
611 486 725 538 sisti
763 485 1019 550 poteret.'.-
1070 487 1140 536 Et
1173 485 1279 536 for·

175 573 346 612 sss-se
395 579 428 612 a
471 564 620 612 Livio
663 563 898 624 sumpsit,
939 561 1028 626 qui
1067 561 1156 610 lib.
1191 575 1278 610 ιιι.

175 639 314 688 saite
351 639 368 666 ‘
393 639 598 687 nonita
618 638 888 686 civitatem
916 652 1108 700 egram
1145 651 1280 700 esse,

181 723 260 765 -nt
283 715 557 764 consuetis
579 715 818 763 remediis
839 715 946 764 sisti
967 713 1160 777 possit?
1195 715 1280 762 Pi-

197 793 372 842 ώσω.
439 791 580 840 Vide
602 799 779 840 nostra
801 791 868 840 ad
906 791 1110 840 Livium
1144 792 1178 840 l.
1205 803 1281 842 tv.

203 873 290 918 12.
365 867 652 916 Gra-ocius.

271 945 412 992 Nun
451 943 674 992 co'e'rcitio
705 946 813 1006 plus
849 942 1010 992 damni
1045 943 1098 990 ia
1133 956 1282 1006 remp.

192 1018 383 1080 ferret]
417 1019 688 1070 Quaeritur
721 1033 814 1067 cur
851 1019 1001 1067 luxus
1041 1017 1285 1066 coiircitio

193 1095 380 1159 nujus
397 1096 644 1144 damnum
663 1096 794 1157 reip.
811 1093 1015 1155 afferat,
1033 1109 1150 1144 cum
1167 1109 1285 1142 oon-

209 1179 314 1234 ιη,
333 1171 496 1235 idque
535 1171 769 1234 plurimis
799 1171 1104 1232 rationibus,
1126 1171 1286 1219 utilis·

209 1251 346 1298 sina
369 1248 631 1298 videatur.
697 1247 1004 1311 Respondet
1043 1248 1155 1310 ipse
1192 1247 1286 1294 'ra-

209 1325 352 1374 eitns
373 1323 548 1373 infra:
584 1325 600 1350 ‘
621 1323 678 1373 Si
717 1324 828 1387 quis
865 1325 1034 1386 legem
1069 1323 1289 1386 sanciat,

212 1415 395 1463 ρωποι
437 1399 658 1461 indicat,
701 1400 854 1448 iidem
899 1399 973 1448 illi
1023 1399 1288 1449 civitatem

213 1475 371 1537 verti,
392 1475 812 1539 splendidissimo
849 1477 1037 1540 cuique
1075 1474 1290 1523 exitium

215 1551 416 1616 panti,
451 1550 710 1600 neminem
747 1550 976 1600 criminis
1019 1556 1290 1614 expertem

214 1627 601 1678 clamitabunt!
667 1628 894 1676 Pithenoe.

272 1705 414 1756 ΟΑΡ.
431 1708 514 1753 63.
547 1703 658 1752 Viri
673 1702 880 1764 streuui]
899 1700 1164 1765 Plerique,
1179 1699 1292 1750 dili-

219 1785 432 1844 gentes,
452 1785 546 1828 sut
567 1780 691 1842 quid
715 1778 908 1828 simile:
947 1789 1204 1842 tamquam
1229 1793 1292 1827 eo

219 1855 600 1920 respiceretur,
619 1855 754 1919 quod
789 1856 844 1904 in
887 1855 1292 1906 administrando

221 1931 550 1996 Magistratu
585 1947 678 1980 suo
722 1938 958 1981 strenuos
1003 1947 1058 1980 se
1099 1932 1296 1996 praebe-

221 2016 363 2058 rent.
431 2008 538 2056 Sed
569 2008 732 2072 magis
766 2016 866 2066 est,
901 2015 960 2056 ut
997 2008 1128 2056 citra
1159 2009 1295 2055 bunc

223 2089 520 2146 aspectum,
545 2083 724 2132 titulus
757 2084 858 2131 iste
879 2083 958 2131 his
979 2083 1296 2145 temporibus

224 2159 380 2222 bnjm
425 2165 482 2207 et
523 2159 662 2220 paris
698 2153 969 2222 dignitatis
1012 2159 1298 2207 bominibus

225 2233 396 2284 tribui
431 2235 780 2284 consueverit.
846 2234 1014 2298 quue
1057 2241 1200 2297 patet
1233 2248 1300 2284 ex

227 2310 534 2375 adjectione
555 2309 667 2375 viri,
687 2311 703 2339 ‘
729 2309 842 2358 viri
863 2309 1058 2358 strenui
1087 2307 1298 2358 aediles!

223 2386 316 2437 Sic
343 2386 458 2435 Cic.
484 2401 575 2449 pro
600 2386 838 2435 Cluentio
859 2401 908 2435 o.
925 2390 972 2435 8.
1009 2388 1022 2413 ⁸
1043 2384 1306 2449 Asturius,

227 2463 308 2511 vir
325 2461 506 2524 fortis,
527 2471 581 2511 et
609 2462 901 2525 experiens,
923 2468 978 2511 et
1001 2461 1140 2509 domi
1161 2460 1304 2509 nobi-

225 2538 334 2587 lis.’
404 2538 587 2602 Atque
621 2538 760 2587 idem
799 2537 920 2586 alibi
959 2539 974 2565 ‘
998 2539 1180 2587 Virum
1204 2536 1304 2585 for-

215 2623 344 2663 .tem
370 2628 436 2664 nc
467 2615 751 2663 strenuum’
784 2617 842 2665 C.
867 2618 1124 2665 Caesarem
1147 2616 1306 2664 nomi-

221 2695 348 2741 nat.
418 2690 537 2741 Jsm
577 2698 688 2740 tum
746 2691 883 2739 enim
923 2692 1084 2754 cepit,
1125 2690 1307 2740 sobriis

218 2766 450 2833 quidem
473 2774 530 2817 et
554 2768 858 2818 verecundis
885 2768 1201 2831 primordiis,
1223 2768 1310 2817 ills

222 2844 514 2891 .titnlorum
548 2842 770 2903 luxuria,
800 2858 916 2907 quae
939 2851 1142 2906 postea,
1165 2850 1222 2891 ut
1244 2858 1308 2890 ex

235 2918 473 2969 historiae
496 2916 747 2981 Augustae
771 2918 1110 2981 scriptoribus
1145 2918 1311 2973 libris·

237 3008 344 3058 que
384 2992 522 3056 juris
558 3000 783 3055 constat,
821 2994 1122 3043 immensum
1159 3000 1310 3042 aucta

233 3077 344 3132 est,
389 3076 690 3133 nostraeque
730 3071 862 3120 adeo
917 3074 1082 3133 retati,
1121 3072 1313 3121 amissis

237 3145 550 3209 ereptisque
587 3145 787 3209 pridem
834 3146 1008 3205 rebus,
1051 3146 1314 3209 ingentem

237 3221 474 3270 inanium
508 3221 876 3270 vocabulorum
915 3222 1206 3271 thesaurum
1235 3238 1313 3272 re·

239 3296 418 3361 liquit.
485 3295 853 3346 Freinshemius.

309 3370 622 3423 Promiseuas
657 3373 777 3421 viris
818 3378 868 3421 et
893 3372 1092 3433 seminis
1145 3374 1317 3438 vestes]

243 3450 276 3479 “
299 3448 468 3497 Plura
489 3453 611 3511 pete
631 3462 662 3495 e
681 3448 846 3497 Clem.
871 3448 1149 3499 Alexandr.
1173 3451 1208 3499 1.
1233 3464 1317 3503 ut.

245 3526 473 3589 Padag.
507 3542 552 3575 c.
585 3530 633 3574 3.
669 3528 814 3589 cujtis
851 3526 1029 3589 iudex,
1061 3526 1174 3589 πρὸε
1210 3524 1322 3575 τοὺς

243 3601 698 3663 καλλωπιζομένους
718 3604 815 3649 τῶν
833 3602 1023 3663 ἀνδρῶν.
1090 3601 1300 3664 Lipsius.

317 3676 625 3727 Promisso-uus
670 3678 816 3739 siris]
879 3678 1016 3727 Vide
1072 3679 1322 3727 Senecam

249 3752 412 3817 epist.
433 3756 546 3801 123.
563 3760 618 3800 et
635 3752 956 3801 Clementem
979 3754 1012 3802 l.
1032 3766 1118 3802 ul.
1137 3754 1323 3803 Paeda·

250 3829 396 3895 gogi.
465 3830 702 3878 Muretus.

319 3905 562 3967 lapidum
600 3920 760 3953 mussa
793 3904 1027 3969 pecunie]
1081 3905 1324 3956 Gemmas

252 3980 540 4041 intellegit,
571 3986 626 4028 et
655 3980 892 4042 inprimis
927 3980 1169 4028 uniones:
1204 3994 1326 4043 quo·

258 4070 376 4105 rum
411 4054 616 4105 feminis
649 4054 714 4103 ad
753 4056 960 4105 inaures
985 4056 1166 4105 creber
1188 4069 1326 4104 usus.

257 4130 398 4179 Vide
421 4132 643 4179 Excurs.
667 4130 715 4179 1.
781 4131 1008 4193 Lipsius.

2238 333 2415 402 3887

1353 487 1513 537 Patet
1534 488 1681 536 sitem
1700 503 1816 552 pop.
1841 489 1983 538 Rom.
2004 485 2257 552 appellari
2280 503 2421 542 com·

1353 569 1579 625 meatus,
1600 562 1788 626 quibus
1812 564 1900 612 ills
1918 564 2285 628 sustinebatur,
2302 568 2419 632 qui-

1355 653 1457 702 que
1496 653 1563 688 ex
1602 639 1957 687 transmarinis
1992 641 2271 702 provinciis
2296 642 2423 692 Siei-

1357 715 1445 777 lia,
1478 715 1725 778 AEgypto‚
1764 713 1947 764 Africa
1984 715 2420 770 subvehebautur.

1357 789 1724 839 Freinshemius.

1422 865 1703 915 Simultates
1726 866 1943 930 fuciunt]
1990 869 2103 920 Jos.
2132 871 2420 935 Met-cerus,

1347 941 1581 1004 fug-iant.-
1618 949 1673 991 at
1706 959 1801 1006 ego
1825 945 2034 1004 jaciunt,
2058 959 2235 996 verum
2274 955 2423 1011 puto.

1359 1019 1569 1068 Semina
1598 1019 1914 1070 simultatum
1948 1021 2021 1069 illi
2052 1031 2321 1086 spargunt,
2340 1033 2425 1072 me

1335 1120 1342 1126 ·
1361 1095 1543 1143 volunt
1560 1095 1808 1159 colligere
1824 1097 2035 1146 acerbos
2056 1097 2263 1148 fruetus.
2288 1100 2318 1129 ¹·
2332 1100 2426 1148 Ni·

1361 1171 1432 1218 hil
1470 1171 1676 1236 quidem
1709 1186 1846 1221 nunc
1881 1181 2073 1236 actum,
2108 1175 2315 1224 Tacitus
2353 1176 2429 1225 its

1363 1248 1505 1296 clare
1538 1249 1682 1310 dicit,
1711 1257 1767 1298 et
1798 1255 1915 1312 post
1949 1249 2232 1300 orationem
2266 1253 2428 1301 etiam

1366 1325 1617 1388 ostendit,
1640 1332 1701 1374 ut
1721 1325 1975 1374 calumnia
2006 1326 2073 1375 sit
2096 1326 2250 1375 aliter
2272 1327 2432 1376 inter-

1366 1401 1580 1465 pretari.
1648 1401 1717 1449 Et
1750 1415 1869 1464 age,
1904 1401 2176 1451 dissentiat
2199 1401 2432 1452 aSueto·

1365 1477 1486 1526 nio:
1523 1491 1589 1525 an
1612 1490 1780 1526 rarum
1804 1477 1917 1526 est?
1982 1477 2191 1540 Lipsius.

1432 1551 1713 1601 Siinuliotes
1754 1551 1969 1614 fuciunt,
2019 1567 2077 1601 ac
2118 1554 2237 1602 milti
2289 1555 2432 1604 relin-

1367 1628 1538 1692 quunt]
1588 1630 1799 1678 curiose
1840 1628 2121 1692 inquirenti
2156 1631 2274 1679 mihi
2311 1631 2432 1680 olim

1367 1706 1421 1754 in
1456 1706 1592 1754 hauc
1628 1705 1955 1768 seutentiam,
1984 1707 2150 1754 visum
2175 1706 2435 1770 mendum,

1367 1787 1426 1830 et
1463 1781 1672 1843 probavi
1710 1779 1909 1828 doctis:
1949 1793 2100 1843 uiiuc,
2135 1780 2231 1827 nisi
2265 1778 2437 1842 fallor,

1371 1870 1545 1904 veram
1587 1855 1893 1904 medicinam
1926 1855 2051 1904 vidi.
2128 1856 2437 1908 Rescriben-

1371 1932 1510 1992 dum,
1549 1932 1816 1980 simultates
1846 1930 2096 1992 faciendas
2134 1933 2255 1982 mihi
2290 1936 2433 1983 relis-

1371 2012 1535 2070 φινκε.
1602 2007 1737 2055 Fo'ns
1765 2007 1939 2062 mendi
1977 2021 2043 2056 ex
2084 2007 2249 2058 veteri
2274 2009 2437 2073 scrip-

1375 2089 1510 2142 tura,
1520 2079 1792 2142 faciundas.
1858 2082 2055 2132 AEdilos
2074 2084 2439 2137 incusaverunt

1373 2160 1551 2208 luxum
1586 2158 1815 2222 generali
1848 2159 2097 2222 oratioue,
2120 2161 2437 2226 gloriamque

1375 2251 1442 2285 ex
1482 2251 1544 2285 eo
1583 2236 1709 2300 apti.
1780 2237 2080 2287 Remedium
2122 2239 2171 2288 ei
2210 2241 2345 2289 malo
2384 2241 2441 2290 iu

1377 2312 1689 2376 singulorum
1714 2313 2209 2377 correptione‚quod
2233 2317 2439 2378 plenum

1378 2388 1584 2438 invidiae
1629 2396 1685 2437 et
1732 2389 2049 2439 simultatum
2103 2391 2321 2441 Senatus
2376 2392 2441 2441 sd

1379 2464 1679 2527 Principem
1712 2465 1985 2515 retulerat.
2052 2465 2151 2514 Ille
2184 2468 2444 2532 ambigua,

1381 2546 1439 2590 ut
1464 2540 1684 2601 solebat,
1708 2541 1940 2589 oratione
1973 2542 2191 2605 primum
2225 2553 2445 2595 excuset

1383 2615 1436 2665 in
1474 2616 1762 2667 uuiversum
1803 2617 2065 2667 emendari
2106 2634 2271 2681 posse.
2336 2620 2445 2671 Sub

1381 2690 1555 2753 finem,
1578 2690 1779 2751 iisdem,
1805 2692 1893 2755 qui
1928 2694 2137 2755 gloriam
2174 2710 2239 2744 ex
2270 2710 2445 2758 repre·

1381 2767 1626 2815 hensione
1648 2766 1889 2815 vitiorum
1912 2769 2273 2833 quaesiverant,
2294 2771 2449 2820 relin-

1384 2844 1499 2905 quit
1533 2842 1943 2893 emendationem
1978 2845 2310 2909 singuiorum,
2352 2848 2448 2898 lloc

1384 2924 1486 2976 est,
1506 2919 1769 2966 simultates
1776 2918 2049 2977 faciundas.
2102 2922 2173 2970 Et
2196 2936 2257 2971 ue
2280 2923 2449 2973 eoacti

1385 2992 1675 3055 videantur,
1716 2993 1825 3040 vult
1868 2992 2033 3042 videri
2077 2995 2317 3044 relictum
2357 3000 2451 3048 boo

1383 3067 1608 3131 ipsorum
1632 3068 1865 3129 arbitrio,
1890 3069 1933 3115 si
1958 3083 2108 3131 pares
2128 3085 2185 3119 se
2209 3070 2453 3133 judicent

1387 3149 1550 3193 tantae
1575 3143 1722 3192 τεὼ*
1773 3144 2035 3195 Mer-cerus.
2105 3144 2358 3195 Advolsvi
2399 3156 2453 3197 et

1389 3234 1503 3282 ego,
1537 3232 1725 3267 muscae
1748 3232 1909 3281 more,
1942 3218 2009 3268 ad
2040 3220 2180 3270 ulcus
2204 3220 2361 3285 istud,
2398 3232 2453 3273 et

1389 3296 1641 3360 putabam
1660 3294 1944 3344 membrum
1968 3311 2143 3345 sanum
2166 3298 2340 3346 statim
2363 3312 2454 3347 ex-

1387 3373 1555 3422 hiberi
1576 3386 1749 3436 posse,
1774 3372 1949 3421 recisis
1992 3373 2189 3422 voculis
2222 3374 2350 3425 binis
2372 3374 2458 3435 sn-

1391 3450 1521 3498 cinmt
1538 3465 1619 3498 ae.-
1656 3462 1831 3497 verum
1861 3449 1971 3512 jam
2002 3446 2118 3499 fero
2153 3451 2455 3513 vulgatum3

1394 3532 1452 3574 ut
1476 3525 1618 3573 diest
1652 3524 1884 3573 Tiberius
1918 3525 2117 3574 initium
2141 3526 2457 3575 munitarum

1395 3602 1521 3650 oriri
1542 3600 1749 3665 quidem
1774 3600 1837 3649 ab
1864 3601 2098 3650 aedilibus
2120 3619 2131 3650 ι
2167 3602 2255 3648 sed
2280 3602 2459 3652 excuti

1395 3677 1567 3726 statim
1592 3676 1801 3737 deiude,
1822 3682 1877 3725 et
1906 3675 2174 3724 transferri
2198 3690 2313 3724 eum
2336 3692 2461 3740 nug-

1395 3762 1573 3804 mento
1596 3754 1647 3801 in
1670 3768 1725 3802 se
1746 3761 2103 3802 exsecutorem
2128 3753 2323 3802 talium.
2387 3752 2465 3801 Si-

1397 3831 1518 3881 mile
1558 3829 1694 3891 hnic‚
1730 3829 1865 3893 quod
1906 3843 2081 3893 supra,
2120 3827 2257 3877 Aun.
2292 3840 2356 3877 11.
2380 3832 2461 3880 ³8.

1397 3908 1413 3935 ‘
1438 3910 1641 3971 Urge-re
1661 3907 1965 3956 modestiam
1986 3908 2222 3965 Senatus,
2246 3906 2464 3955 eandem

1401 3985 1503 4033 vim
1528 3984 1579 4030 iu
1604 3997 1687 4031 me
1711 3979 2098 4042 transmittere,’
2138 3985 2235 4030 dre.
2285 3980 2463 4031 Grute-

1400 4074 1499 4107 m.
1580 4058 1769 4105 Sensus
1806 4055 2032 4117 postulat
2058 4054 2317 4114 faciundas
2346 4054 2467 4103 milui

1399 4138 1689 4198 relinquunt.
1774 4132 2055 4185 Postulant
2094 4131 2173 4181 illi
2224 4132 2467 4182 Senatus·

333 4205 690 4259 Canos-Vita
701 4206 864 4271 populi
881 4207 1116 4271 Rotam&
1128 4202 1332 4271 imma]
1403 4211 1637 4261 consulta
1668 4208 1841 4261 aeris:
1874 4206 2065 4258 deiude
2102 4206 2375 4273 negligunt
2404 4202 2501 4257 es'
