2897 4742
451 488 550 539 tari
567 489 630 539 ed
649 487 830 552 aliquid
851 494 905 539 et
921 488 1104 544 hortari
1123 490 1304 553 aliquid
1319 508 1338 540 .-
1379 490 1515 554 quod

452 565 496 615 si
519 564 632 629 quis
655 566 884 629 negavit,
918 566 1008 631 qui
1031 560 1519 629 Orbilii'personam

453 639 858 691 Grammatlcive
895 648 1124 703 gereret,
1159 656 1262 691 non
1307 644 1521 707 negavit

455 722 514 765 nt
536 716 768 767 Orbilius
801 724 892 767 ant
922 718 1324 783 Grammaticus,
1345 718 1438 767 sed
1460 724 1521 768 ut

454 806 680 856 peccans
721 794 950 843 Orbilius
985 802 1078 844 aut
1117 794 1518 845 Grammaticus.

453 868 708 919 Dedimus
729 870 1068 919 auctoritates
1103 886 1168 919 ex
1207 870 1375 931 Attio,
1395 870 1523 919 Ovi-

457 942 561 1006 dio‚
579 944 616 996 J
619 946 789 995 ustino
812 946 896 995 vel
913 948 1100 1010 Trogo,
1117 946 1335 1007 Seneca,
1350 946 1523 997 Statio

457 1018 524 1068 ad
553 1017 680 1069 duos
715 1020 898 1070 horum
937 1028 1254 1085 postremum
1293 1022 1521 1071 uomina-

455 1100 556 1145 tos.
624 1093 863 1146 Accedat
878 1096 1081 1146 Gellius
1099 1109 1225 1147 1111.
1241 1102 1324 1147 22.
1348 1100 1364 1127 ‘
1385 1098 1521 1147 Haee

457 1186 602 1222 mera
637 1173 826 1222 veritas
847 1174 1124 1223 Tusculani
1145 1174 1360 1223 hominis
1387 1175 1525 1236 plns,

455 1246 652 1311 hercle,
707 1255 978 1311 promovet
1025 1248 1090 1297 ad
1119 1247 1522 1298 ·exhortandam

458 1322 824 1386 parsimoniam
864 1323 1318 1387 sustinendamque
1359 1323 1525 1387 inopi-

459 1410 560 1460 am,
594 1412 742 1461 quam
781 1398 986 1449 (ἔπεσσε
1024 1398 1344 1462 prestigiae!
1423 1400 1527 1449 Ac-

459 1471 636 1535 cedat,
657 1459 722 1522 ιιῖ
739 1474 896 1524 etiam
918 1472 1249 1537 defendatur,
1271 1476 1525 1541 vegetius

458 1547 552 1596 lib.
589 1548 746 1612 primi
784 1563 899 1612 cap.
925 1553 1006 1599 28.
1047 1550 1122 1599 sic
1163 1552 1524 1614 proscribens:

458 1624 474 1650 ‘
499 1622 582 1672 De
601 1622 962 1675 adhortatione
985 1626 1063 1675 rei
1083 1626 1318 1677 militaris
1341 1629 1527 1677 Roma-

463 1710 644 1762 naeque
674 1700 915 1749 virtutis!
981 1701 1196 1751 Lemma
1229 1702 1527 1767 ridiculum,

461 1774 633 1838 inquit
653 1774 716 1825 P.
735 1776 1016 1827 Scriverius
1036 1796 1048 1827 ε
1085 1780 1390 1829 adhortatur
1408 1794 1530 1829 auc-

465 1857 546 1900 tor
580 1851 646 1900 ad
685 1866 794 1902 rem
832 1854 1110 1904 militarem
1147 1856 1531 1920 Romanamque

465 1928 740 1989 virtutem;
775 1944 878 1980 non
897 1932 1074 1980 Virtus
1097 1940 1186 1981 aut
1210 1932 1403 1981 Militia
1419 1934 1532 1997 ipsa

463 2005 722 2069 loquitur:
771 2020 931 2068 quare
975 2006 1163 2068 scribe,
1183 2010 1246 2055 ad
1283 2023 1384 2057 rem
1403 2011 1531 2057 mili-

463 2085 616 2128 tarem
653 2080 1004 2144 Romanamque
1037 2082 1277 2133 virtutem.
1369 2083 1459 2144 At,
1501 2099 1532 2133 o

469 2152 620 2216 bone,
643 2156 730 2219 qui
753 2154 1056 2207 adhortatur
1091 2158 1156 2205 ad
1195 2172 1306 2207 rem
1341 2160 1533 2209 milita-

468 2243 576 2279 rem
595 2232 978 2297 Romanamque
1011 2232 1278 2296 virtutem,
1299 2234 1342 2283 is
1376 2234 1535 2298 juxta

469 2306 755 2368 commode,
775 2312 832 2358 et
865 2309 1174 2374 exquisitius
1209 2310 1388 2374 etiam,
1409 2311 1535 2361 dlci-

469 2393 556 2434 tur
577 2386 822 2434 adhortari
854 2401 954 2436 rem
973 2389 1228 2437 maliem-em
1250 2389 1533 2438 Romanam-

467 2475 556 2523 que
575 2461 816 2524 virtutem,
845 2469 938 2511 aut
964 2461 1140 2513 facere
1178 2465 1262 2513 vel
1301 2465 1535 2514 scrihere

467 2537 780 2586 hortationem
822 2539 894 2586 rei
944 2539 1174 2588 militaris
1215 2545 1262 2588 et
1307 2540 1537 2590 Romana·

471 2612 680 2664 virtutis.
745 2615 886 2665 Quid
918 2616 1030 2679 ipso
1069 2615 1136 2665 de
1170 2616 1426 2667 Cicerone
1462 2617 1537 2666 di-

471 2691 618 2739 cam?
667 2690 760 2739 lib.
784 2703 884 2740 vn.
914 2691 978 2740 ad
1001 2690 1240 2742 Atticum
1277 2694 1435 2756 epist.
1456 2697 1535 2744 14.

472 2766 487 2793 ⁴
513 2765 709 2814 Pacem
731 2767 939 2832 quidem
963 2767 1156 2818 hortari
1185 2783 1288 2818 non
1323 2769 1539 2819 desino.’

471 2841 556 2894 Sic
579 2847 725 2892 certe
748 2843 942 2892 lectum
977 2844 1130 2893 olim=
1183 2851 1240 2894 et
1262 2845 1338 2895 sie
1359 2846 1410 2894 in
1433 2846 1538 2897 Ms.

472 2927 556 2969 est
593 2918 1062 2970 Helmaestadiensi.
1129 2920 1306 2973 Quare
1337 2923 1543 2985 vellem,

473 2995 655 3060 quibus
695 2995 822 3046 Mss.
858 2996 1085 3060 plurium
1121 2997 1274 3060 copia
1294 2996 1414 3060 fnit,
1436 3013 1541 3047 non

473 3078 578 3122 tam
619 3073 941 3138 negligentes
993 3073 1254 3124 transiisse
1295 3073 1434 3123 hunc
1472 3073 1543 3122 lo·

473 3163 612 3211 cum,
649 3156 707 3200 et
742 3151 902 3200 verbo
941 3149 1198 3213 attigisse,
1229 3165 1330 3215 qua
1351 3149 1545 3199 fiducia

477 3226 831 3289 subjecerint:
887 3226 1123 3289 Equidem
1155 3228 1218 3275 «ui
1249 3240 1414 3289 pacem
1434 3226 1544 3274 lior-

475 3302 574 3350 tcm'
611 3315 702 3350 aon
735 3301 912 3352 desino.
977 3303 1114 3351 Nam
1139 3308 1195 3353 et
1217 3303 1294 3352 sic
1318 3301 1382 3351 ad
1407 3303 1543 3352 Atti-

475 3389 594 3426 cum
619 3391 720 3426 vu.
741 3383 790 3428 2.
825 3378 842 3406 ‘
864 3383 1040 3441 partes
1063 3379 1210 3427 istius
1228 3377 1384 3428 officii
1422 3385 1546 3428 sunt

478 3454 627 3518 pueri
658 3454 924 3504 Ciceronis
959 3455 1069 3503 sive
1095 3455 1208 3518 jam
1247 3455 1545 3504 adolescen-

478 3533 577 3592 tis3
613 3529 750 3596 quod
775 3531 984 3595 quidem
1004 3530 1143 3578 illum
1161 3531 1300 3579 soleo
1317 3529 1549 3580 hortari?

479 3609 552 3658 Et
575 3608 640 3658 sd
665 3607 732 3660 Q.
755 3606 970 3658 fratrem
992 3621 1029 3656 ι.
1055 3612 1102 3657 1.
1135 3607 1152 3635 ‘
1173 3607 1278 3656 Sed
1303 3607 1427 3672 quid
1447 3621 1546 3670 ego

481 3691 536 3734 te
568 3685 763 3746 hortor,
799 3697 912 3749 quai
951 3689 1011 3732 tu
1046 3680 1225 3734 facere
1263 3689 1415 3747 potes
1454 3689 1550 3733 tua

482 3757 714 3826 sponte?
782 3761 990 3810 Granum

548 3837 618 3886 Et
640 3834 882 3900 usurpatis
913 3834 1080 3898 quibu
1111 3833 1400 3898 insueverat]
1466 3837 1548 3885 Ex

481 3913 747 3963 veteribus
783 3911 928 3962 libris
963 3911 1172 3961 restitui
1205 3910 1446 3975 copulam
1484 3916 1548 3961 et.

487 3987 734 4039 Picheua.

551 4069 708 4124 Quam
727 4068 850 4130 quod
868 4065 1050 4126 froude
1071 4065 1306 4129 muliebri,
1333 4071 1383 4115 et
1400 4067 1551 4131 inpu-

486 4143 589 4192 dico
635 4143 821 4193 Vitellii
858 4157 938 4192 ore
977 4143 1187 4206 manet]
1254 4143 1553 4194 Rotundior

485 4220 640 4284 longe
656 4231 774 4269 meo
805 4219 1024 4283 jndicio,
1055 4219 1186 4270 ordo
1211 4218 1479 4283 orationis,
1506 4219 1552 4270 si

1151 346 1370 398 110¹?AE
1416 346 1824 405 VARIORUM
1874 348 1949 396 m

1596 490 1777 539 recisis
1798 492 1923 553 quod
1960 495 2017 539 et
2054 492 2263 551 caderet,
2284 489 2688 548 scriberemus3

1595 580 1731 629 quum
1740 565 1921 626 fraude
1937 566 2175 623 muliebri,
2192 571 2241 614 et
2256 566 2505 629 inpudico
2532 563 2693 613 Visel-

1594 644 1651 692 lit·
1667 658 1765 693 ore.
1816 644 2093 695 Gruterus.
2162 644 2247 693 De
2270 643 2543 707 particula
2566 640 2692 690 sub-

1596 717 1800 767 scribo:
1854 724 1909 767 et
1930 718 2107 767 vitium
2132 726 2230 778 est,
2250 718 2403 781 quale
2424 714 2579 779 apud
2608 716 2694 763 Li-

1598 793 1734 841 vium
1756 805 1958 842 xxvm.
1980 797 2064 843 48.
2088 792 2379 842 curavimus
2400 810 2415 841 ε
2454 791 2691 840 verbum

1596 864 1753 915 facite
1778 868 1961 917 tolero.
2032 869 2243 917 Gronov.

1664 943 1743 992 CA
1751 956 1800 993 P.
1819 947 1869 992 4.
1895 945 2153 1007 Per-gitque
2168 944 2351 993 Suilius
2362 944 2553 991 addere
2566 939 2698 1003 reos]

1600 1017 1823 1066 Videtur
1866 1018 2139 1079 legendnm
2186 1032 2331 1082 agere
2370 1032 2521 1067 reos.-
2594 1016 2695 1065 nisi

1600 1092 1815 1141 verbum
1836 1095 2007 1143 addere
2022 1094 2237 1144 Tacitus
2261 1108 2327 1143 ex
2354 1094 2584 1158 antiquo
2608 1092 2699 1141 ali-

1600 1184 1704 1234 quo
1726 1173 1947 1233 sumpsit
1963 1171 2253 1235 scriptore.
2306 1170 2484 1220 Ursin.
2573 1170 2700 1219 Mu·

1600 1251 1744 1294 retus
1783 1247 1946 1295 voluit
1978 1261 2139 1308 agere.
2204 1246 2406 1297 Aridal.
2498 1246 2694 1311 Neque

1600 1322 1960 1387 corrigendum
2012 1330 2111 1385 est,
2152 1338 2322 1389 neque
2366 1323 2475 1371 hoc
2522 1322 2698 1384 magis

1600 1412 1667 1447 ex
1708 1398 1923 1461 antiqno
1962 1406 2181 1448 anctore
2220 1406 2488 1462 sumptum
2530 1410 2693 1461 quam

1602 1488 1667 1522 ex
1702 1474 2009 1538 quotidiana
2032 1474 2249 1525 Romani
2273 1475 2377 1523 oris
2400 1480 2697 1524 consuetu-

1602 1551 1745 1609 dine,
1768 1550 1913 1600 nohis
1936 1565 2001 1599 ex
2020 1558 2104 1601 sat
2126 1552 2287 1601 certis
2308 1558 2599 1600 auctorum
2624 1550 2699 1597 lo-

1604 1626 1679 1675 cis
1696 1626 2045 1687 observanda,
2062 1642 2165 1691 qua
2180 1628 2351 1676 addere
2368 1634 2453 1675 est
2475 1638 2695 1689 augere,

1605 1702 1689 1749 vel
1712 1702 1837 1750 alios
1864 1702 1976 1751 aliis
2015 1703 2227 1753 addere.
2296 1701 2447 1753 Infra
2488 1702 2599 1751 hoc
2636 1700 2697 1749 li-

1604 1776 1701 1827 bro
1723 1794 1737 1827 =
1774 1780 1791 1806 ⁸
1814 1778 1893 1827 Ae
1910 1792 2069 1827 novas
2092 1779 2355 1827 literarum
2374 1777 2585 1827 formas
2607 1776 2699 1826 ad·

1607 1852 1781 1913 didit:
1831 1854 1885 1902 id
1924 1860 2024 1917 est5
2064 1853 2279 1903 Invenit
2320 1859 2375 1903 et
2420 1852 2699 1917 prioribus

1608 1929 1827 1979 addidit.
1910 1930 2025 1980 Lib.
2048 1944 2088 1980 1.
2120 1930 2138 1958 ‘
2166 1928 2309 1978 ldem
2333 1942 2503 1978 annus
2530 1942 2697 1977 novas

1608 2006 1932 2055 coerimonias
1972 2004 2181 2069 accepit
2215 2004 2395 2054 addito
2428 2004 2695 2054 sodalium

1609 2080 1971 2146 Augustalium
1994 2079 2291 2131 sacerdotio
2310 2080 2343 2131 ε’
2384 2080 2419 2129 i.
2444 2079 2697 2129 instituto

1610 2163 1667 2207 et
1704 2158 1881 2208 addito
1922 2158 2001 2222 iis,
2040 2172 2159 2221 quse
2203 2156 2497 2220 antiquitus
2540 2154 2703 2203 hahe-

1612 2234 1814 2283 bantur.
1899 2234 2023 2283 Tale
2047 2232 2205 2283 Plinii
2231 2244 2373 2283 xxu.
2394 2236 2446 2281 7.
2478 2232 2501 2259 ⁴
2530 2228 2699 2280 Addi-

1610 2309 1738 2359 dere
1770 2310 1979 2359 vivendi
2018 2309 2190 2375 pretia
2220 2307 2459 2357 delicia!
2538 2305 2695 2359 Quod

1609 2387 1767 2436 etiam
1808 2401 1909 2436 nou
1954 2400 2165 2450 cepere,
2202 2391 2261 2434 ut
2306 2383 2377 2434 ihi
2420 2384 2695 2434 docemus.

1609 2460 1883 2524 sicigitur
1904 2462 2076 2510 addere
2113 2475 2218 2509 reos
2254 2467 2335 2508 est
2364 2459 2495 2509 alios
2536 2459 2698 2510 corri-

1612 2551 1741 2599 pere
1779 2543 1838 2586 et
1874 2537 2125 2600 Poppaeae
2148 2542 2307 2600 atque
2331 2531 2571 2584 Asiatico
2610 2533 2698 2583 ad-

1612 2612 1752 2663 dere.
1822 2613 2033 2663 Gnoson.

1678 2686 1881 2752 Equites
1902 2689 2139 2738 Romanos
2154 2687 2388 2752 illustres]
2438 2687 2551 2739 Qui
2576 2693 2699 2737 suut

1613 2765 1827 2830 Equites
1850 2753 2117 2815 illustres?
2158 2765 2345 2829 Neque
2368 2765 2503 2813 enim
2532 2771 2699 2813 teme·

1614 2840 1803 2889 rarium
1822 2847 1911 2890 est
1928 2848 2091 2901 certe,
2122 2838 2259 2905 quod
2282 2838 2549 2888 tutiensis
2574 2839 2700 2888 titu-

1614 2917 1694 2966 lus
1717 2917 1989 2980 repetitus.
2054 2915 2129 2964 Ut
2150 2914 2289 2964 Ann.
2312 2914 2347 2965 l.
2372 2927 2453 2963 tv.
2475 2916 2492 2942 ⁸
2516 2913 2697 2978 Eques

1618 2991 1881 3040 Romanus
1900 3003 1967 3040 ex
1990 2989 2277 3039 illustribus
2299 2988 2515 3040 Curtius
2557 2987 2697 3038 Atti-

1618 3070 1744 3116 cus.’
1807 3066 1922 3115 ub.
1942 3079 2020 3115 vt.
2043 3067 2059 3092 ⁸
2076 3064 2242 3114 Pater
2257 3078 2467 3129 quoque
2478 3064 2699 3113 illustris

1618 3155 1779 3206 eques
1804 3142 2067 3192 Romanus
2086 3154 2150 3190 ac
2172 3139 2335 3189 frater
2358 3137 2697 3189 Praetorins!

1620 3219 1735 3270 Lib.
1765 3232 1859 3268 xv.
1884 3221 1899 3247 ‘
1920 3219 2027 3268 Die
2042 3217 2442 3281 pacta'l'iherius
2468 3217 2696 3265 Alexan-

1620 3295 1715 3344 der
1736 3295 1949 3344 illustris
1972 3307 2131 3358 eques
2155 3293 2437 3351 Romanus,
2458 3292 2698 3340 minister

1621 3372 1757 3421 bello
1790 3369 1974 3421 datus!
2058 3369 2175 3418 Hoc
2198 3369 2313 3431 ipso
2352 3369 2489 3416 libro
2508 3383 2523 3414 ε
2556 3371 2576 3396 ⁴
2600 3369 2697 3417 Ea·

1620 3447 1741 3496 dem
1784 3445 2079 3496 constantia
2118 3451 2173 3494 et
2215 3445 2445 3492 illustres
2490 3444 2695 3508 equites

1622 3525 1770 3574 Rom.
1812 3521 2029 3586 cupidos
2079 3528 2297 3570 nuatum
2343 3523 2487 3570 necis
2532 3519 2700 3570 fecit!

1620 3599 1865 3662 Suspicor
1888 3612 1987 3662 ego
2026 3599 2103 3646 sie
2142 3597 2327 3659 dictos,
2356 3601 2457 3646 &c.
2496 3597 2527 3627 ⁸
2564 3595 2696 3644 redi-

1620 3683 1739 3726 rent
1762 3675 1829 3725 ad
1850 3682 2171 3740 equestrem.
2229 3675 2405 3724 Verhs
2426 3681 2553 3724 sunt
2574 3674 2697 3724 Dio-

1623 3754 1701 3802 nis
1739 3752 1831 3802 lib.
1852 3765 1963 3802 mv.
2000 3751 2097 3808 Τὴν
2132 3749 2183 3798 δὲ
2216 3747 2483 3813 δημαρχίαν
2522 3749 2697 3811 ὀλίγον

1622 3827 1807 3893 σφόδρα
1826 3827 2098 3889 αἰτούντων,
2134 3825 2487 3887 ἐνομοθέτησεν,
2528 3826 2583 3874 ἐκ
2604 3828 2697 3874 r‘su

1624 3905 1799 3956 mcor
1830 3907 1925 3954 τᾶν
1955 3904 2023 3966 μὴ
2054 3903 2259 3952 ἔλειπον
2276 3903 2421 3951 πέντε
2444 3901 2525 3950 καὶ
2552 3901 2697 3951 εἴκοσι

1622 3982 1843 4049 μυριάδας
1864 3980 2158 4044 κεκτημένων
2195 3979 2559 4045 προβάλλεσθαι
2588 3979 2697 4029 τοὺς

1624 4063 1677 4111 ἐν
1696 4065 1803 4112 rui's
1822 4063 1991 4126 ἀρχαῖς
2022 4057 2108 4109 ἕνα
2144 4057 2367 4119 ἕκαστον,
2388 4057 2480 4106 κὰκ
2518 4055 2697 4105 τούτων

1622 4137 1683 4187 τὸ
1716 4141 1899 4198 πλῆθος
1930 4136 2043 4187 τοὺς
2078 4133 2321 4186 cussanus
2352 4133 2598 4198 αἱροῒσῦαι·
2642 4130 2697 4194 sl,

1623 4215 1713 4279 μὲν
1732 4215 1809 4268 καὶ
1824 4213 2075 4274 βουλεύειν
2099 4213 2224 4276 μηδ
2241 4211 2385 4262 τοῦτο
2408 4209 2636 4274 ἐθέλοιεν,
2656 4207 2699 4258 si
